3038 4950
706 333 921 395 -32-

229 503 266 583 b)
290 502 329 566 de
351 508 494 583 tempore
516 499 618 563 Iulius
640 503 680 564 82
696 505 754 563 Per
768 506 846 564 idem
866 510 989 582 tempus
1034 499 1150 565 Labor.
1167 503 1208 565 58
1224 525 1278 582 per
1292 506 1396 565 ludum

230 605 397 669 1111111.
420 605 479 668 inc.
504 606 544 667 68
567 628 621 684 per
642 608 765 666 messim.
810 610 841 684 c)
864 603 903 667 de
932 623 1029 668 causa
1051 602 1208 668 efficiente
1231 603 1307 668 Pac.
1331 606 1395 668 403

232 711 309 769 filios
333 711 398 770 Sibi
420 730 588 787 procreasse
610 729 663 786 per
685 710 870 787 Calipsonem
892 716 1053 769 autumant.
1097 706 1176 771 Aoo.
1196 709 1256 770 163
1274 731 1328 789 per
1342 732 1396 770 nos

230 817 380 871 eantescat
404 833 503 888 genus.
548 806 670 889 Turpil.
693 811 713 871 8
740 813 807 871 Non
834 832 890 888 ago
916 812 971 871 hoc
998 833 1051 890 per
1078 834 1178 888 sagam
1205 813 1301 890 pretio
1329 833 1395 871 oon·

232 916 359 974 ductam.
405 907 474 994 Syr.
498 916 576 975 sent.
601 912 662 975 327
694 915 752 972 nisi
782 935 836 991 per
866 920 895 973 te
927 915 1032 991 sapias,
1083 911 1145 974 690
1173 935 1227 992 per
1253 935 1328 991 quae
1356 916 1397 973 sis

233 1023 323 1075 tutus.
367 1012 446 1077 Aoo.
479 1015 540 1076 164
570 1037 623 1093 per
653 1017 712 1075 vim
725 1014 765 1068 '=
785 1011 867 1077 Poll.
889 1012 949 1077 ino.
971 1013 1031 1077 ino.
1058 1013 1106 1076 17.
1158 1012 1242 1076 Atta
1272 1014 1310 1077 21
1344 1038 1399 1095 per

232 1119 418 1178 discordiam.
471 1114 584 1197 Pomp.
615 1112 696 1178 Bon.
730 1115 789 1177 148
825 1139 878 1195 per
912 1120 1019 1177 dolum.
1073 1114 1107 1195 d)
1137 1113 1171 1177 in
1207 1113 1333 1178 iurandi
1366 1119 1398 1177 et

235 1216 348 1279 orandi
370 1215 514 1291 formulis
536 1216 618 1280 Pali.
633 1216 693 1280 inc.
709 1216 769 1280 inc.
788 1218 826 1280 17
847 1241 901 1298 per
923 1241 1021 1279 omnes
1036 1254 1078 1263 —
1094 1221 1163 1279 deos
1186 1221 1271 1279 iuret.
1315 1215 1397 1280 Nov.

239 1319 299 1381 105
322 1323 380 1380 Per
401 1323 486 1381 deam
515 1329 644 1382 sanctam
664 1324 836 1382 Lavernam.
880 1317 993 1400 Pomp.
1015 1317 1097 1382 Bon.
1121 1320 1160 1382 61
1185 1343 1236 1381 oro
1259 1330 1296 1396 te,
1318 1343 1398 1396 vaso,

234 1445 289 1501 per
311 1425 401 1482 lactes
424 1431 498 1483 tuas.
790 1496 791 1499 Ἰ

324 1522 400 1584 Poe
423 1521 606 1586 adverbium
629 1527 678 1586 est
699 1521 775 1586 Pac.
798 1524 860 1586 315
883 1527 955 1585 Post
977 1547 1064 1603 quam
1083 1551 1115 1577 =
1136 1523 1207 1586 396.
1253 1524 1315 1586 319
1331 1532 1400 1604 post

237 1662 279 1671 —
301 1629 403 1686 multis
425 1630 657 1706 tempestatibus.
701 1623 769 1688 Ino.
789 1624 849 1688 ino.
868 1629 948 1707 trag.
975 1626 1035 1689 194
1057 1634 1125 1706 post
1147 1663 1189 1672 -
1211 1629 1398 1704 intellegunt.

235 1724 319 1789 Nov.
352 1728 394 1790 34
425 1751 483 1789 non
513 1732 605 1789 multo
633 1738 709 1808 post.
759 1726 872 1809 Afran.
906 1730 945 1790 72
977 1736 1045 1807 post
1075 1751 1241 1790 narravero
1285 1725 1399 1807 Pomp.

234 1827 321 1891 Bon.
352 1830 412 1891 106
443 1832 609 1908 Refragunt
632 1830 747 1910 prime,
779 1833 982 1908 suffragabunt
1007 1834 1086 1909 pori.
1138 1826 1207 1911 Syr.
1235 1833 1314 1893 sent.
1337 1829 1401 1892 380

239 1940 308 2012 poet
323 1934 432 1992 fecisse.
476 1929 679 2012 Praepositio
695 1936 744 1994 est
759 1930 873 1995 Afran.
890 1931 951 1995 305
968 1935 1032 1993 Tua
1053 1940 1121 2011 post
1142 1935 1290 2012 principia
1312 1942 1401 2010 atque

237 2037 338 2095 exitus
360 2037 486 2096 vitiosae
507 2038 596 2095 vitae.
642 2029 711 2114 Syr.
727 2037 806 2096 sent.
831 2035 894 2098 376
916 2043 984 2114 post
1006 2038 1210 2096 calamitatem.
1255 2033 1316 2096 411
1332 2042 1402 2114 post

235 2144 364 2215 tempus.
410 2136 471 2198 600
494 2146 562 2216 post
584 2141 701 2198 factum.

328 2237 459 2300 Praeter
481 2236 665 2302 adverbium
688 2241 736 2300 est
758 2235 834 2300 Pao.
849 2236 910 2301 ino.
924 2236 987 2301 fab.
1003 2236 1104 2301 XLI:
1127 2248 1246 2319 praeter
1268 2241 1401 2300 condem·

237 2343 328 2400 natis.
372 2337 573 2420 Praepositio
589 2341 649 2404 ino.
665 2340 725 2403 ino.
741 2343 822 2420 trag.
842 2341 901 2403 158
924 2345 1046 2402 Praeter
1067 2345 1229 2420 rogitatum
1251 2344 1276 2401 si
1297 2343 1402 2401 hisces.

240 2438 366 2521 Turpil.
391 2441 452 2504 194
474 2451 591 2522 praeter
613 2467 644 2504 se
664 2447 816 2504 neminem.
862 2440 957 2505 Titin.
974 2444 1015 2506 30
1037 2453 1155 2524 praeter
1172 2446 1253 2504 hanc.
1287 2440 1403 2523 Pomp.

239 2539 325 2606 Bon.
351 2544 411 2605 144
434 2547 556 2608 Praeter
577 2569 637 2607 nos.
683 2539 752 2626 Syr.
776 2548 854 2606 sent.
880 2545 939 2606 761
964 2554 1083 2624 praetor
1104 2549 1198 2606 deum.

329 2644 461 2726 Propter
483 2651 516 2726 a)
539 2645 670 2710 deloco
698 2644 813 2710 dieitur
840 2644 953 2727 Pomp.
975 2644 1056 2709 Bon.
1081 2648 1120 2709 74
1143 2655 1266 2727 propter
1292 2651 1401 2708 lunam.

240 2745 357 2810 Afran.
373 2748 436 2810 243
453 2757 575 2829 propter
589 2754 751 2829 patruelem
766 2759 847 2811 tuam
870 2752 1038 2811 Constituit
1082 2745 1199 2812 Labor.
1216 2749 1256 2811 69
1279 2756 1402 2828 propter

241 2853 329 2910 viam.
373 2847 408 2929 b)
431 2847 471 2911 de
494 2869 590 2912 011111
604 2850 683 2913 Aoo.
702 2851 762 2914 175
777 2855 820 2912 Te
834 2860 964 2932 propter.
999 2851 1061 2914 294
1076 2859 1251 2932 propterte.
1281 2847 1403 2931 Turpil.

239 2951 285 3014 90
310 2954 436 3031 Propter
457 2960 608 3031 peccatum
629 2956 794 3032 pausillum.

330 3053 379 3116 37.
410 3073 436 3116 0.
457 3051 718 3134 Praepositioues
745 3074 817 3118 cum
844 3052 905 3117 abl.
935 3058 968 3117 et
994 3073 1097 3117 100111.
1121 3053 1318 3119 coniunctae.
1364 3052 1404 3115 Ia

239 3175 315 3218 cum
343 3153 404 3218 abl.
432 3161 465 3235 a)
497 3154 537 3218 de
567 3155 638 3222 loco
669 3156 784 3220 dicitur
815 3160 871 3220 aut
900 3175 975 3219 vero
1006 3159 1064 3220 aut
1093 3176 1151 3236 per
1181 3154 1404 3237 metaphoram

240 3257 392 3340 cogitato.
437 3257 513 3322 Pac.
532 3259 573 3321 64
590 3263 621 3320 in
636 3265 719 3322 laevo
734 3263 877 3321 bracchio.
923 3259 963 3321 72
986 3268 1020 3320 ut
1041 3283 1078 3320 ne
1099 3264 1131 3320 in
1153 3283 1252 3321 amore
1274 3262 1404 3320 animum

240 3383 371 3441 occupes
419 3361 479 3423 136
508 3364 540 3422 in
563 3363 686 3441 Caperei
714 3365 800 3422 saxis.
847 3360 907 3424 179
934 3363 1033 3422 Habet
1058 3364 1112 3422 hoc
1140 3369 1271 3423 senectus
1303 3365 1335 3421 in
1366 3383 1404 3420 se.

240 3462 305 3523 367
330 3465 464 3541 Saxoque
490 3465 601 3524 instare
628 3467 660 3524 in
687 3468 808 3541 globoso
835 3465 1007 3542 praedicant
1028 3466 1170 3524 volubilei
1194 3460 1403 3544 (Fortunam).

242 3563 307 3625 420
329 3566 362 3622 in
383 3566 501 3641 Aegaeo
523 3568 607 3626 freto.
653 3565 716 3628 423
738 3570 770 3626 in
797 3567 925 3627 tumulis.
970 3562 1049 3627 Aoo.
1076 3566 1135 3628 115
1158 3568 1232 3627 haut
1253 3568 1351 3627 sterili
1373 3567 1406 3625 in

239 3673 349 3742 segete.
396 3665 642 3747 1261101100,
690 3668 750 3731 150
772 3671 808 3728 In
830 3691 888 3747 quo
911 3670 1015 3728 salutis
1038 3690 1103 3746 spes
1126 3670 1273 3729 —habet
1294 3676 1420 3728 summa'

240 3770 374 3829 exerciti.
421 3766 481 3830 177
504 3771 536 3827 in
561 3773 645 3830 celsis
666 3773 825 3832 montibus.
870 3768 912 3832 ib.
935 3772 967 3829 in
989 3772 1133 3847 Froegiae
1154 3772 1297 3830 terminis.
1344 3767 1405 3831 179

241 3888 289 3949 sq.
312 3873 344 3930 in
366 3872 478 3943 Quibus
500 3874 644 3949 partibus.
691 3871 751 3934 186
774 3875 807 3932 in
827 3874 933 3932 humili
963 3894 1041 3932 saxo.
1087 3871 1146 3933 221
1171 3875 1204 3931 in
1225 3875 1298 3932 socc.
1342 3869 1405 3932 249

240 3974 275 4031 in
297 3973 434 4032 Parnaso.
479 3972 541 4034 250
563 3976 595 4033 in
618 3976 742 4035 circulis.
786 3973 849 4036 323
878 3975 940 4034 1111
967 3977 1000 4033 in
1027 3975 1114 4033 amni.
1159 3972 1219 4035 371
1249 3976 1283 4033 in
1309 3979 1407 4051 portu.

243 4072 307 4135 409
330 4077 362 4133 in
384 4077 512 4135 tumulis.
556 4075 619 4137 416
642 4078 675 4136 in
697 4078 821 4136 stabulo.
863 4074 927 4137 435
943 4078 975 4135 in
991 4077 1060 4135 salti
1082 4077 1223 4135 faucibus.
1268 4073 1331 4136 462
1356 4076 1407 4134 ab·

240 4183 341 4235 111111
362 4177 541 4237 influmine.
587 4176 648 4238 547
677 4179 845 4256 pinnigero,
873 4199 932 4237 non
958 4179 1103 4254 armigero
1131 4179 1163 4236 in
1192 4197 1313 4256 corpore
1335 4177 1409 4235 Tela

241 4285 421 4339 exercentur.
466 4277 528 4340 549
552 4281 583 4338 in
605 4285 682 4340 tecto
710 4281 817 4340 umido.
862 4277 924 4341 557
947 4282 1057 4354 sedem,
1084 4281 1116 4338 in
1144 4301 1209 4357 qua.
1254 4273 1322 4340 Ino.
1345 4273 1408 4338 ino.
