3038 4950
698 279 913 341 „56-

226 450 319 533 plura
341 447 483 513 subiecta
505 447 584 510 Ace.
609 449 670 511 349
693 453 843 511 Persuasit
865 472 979 511 maeror
1000 454 1143 512 anxitudo
1166 474 1271 530 aegror
1293 455 1385 514 dolor.

227 553 340 617 Afran.
366 552 427 615 140
454 576 500 614 res
523 560 637 631 tempus
659 557 752 628 locus,
785 556 872 614 simul
895 557 988 615 otium
1009 555 1190 615 hortabatur.
1214 591 1255 598 -
1277 550 1385 618 Parti-

227 656 310 738 oipia
333 653 501 736 singularis
523 653 646 717 numeri
667 663 829 734 praesente,
852 659 973 717 absente
988 654 1085 718 etiam
1100 654 1186 735 apud
1200 653 1258 718 hos
1273 661 1386 737 poetas

227 758 403 838 scaenicos,
432 756 514 820 sicut
536 755 621 837 apud
642 755 774 836 priores,
798 776 870 820 oum
891 756 1008 838 plurali
1030 757 1219 821 substantivi
1240 758 1290 822 vel
1312 779 1386 840 pro·

227 860 362 926 nominis
385 859 628 940 coniunguntur.
658 857 738 921 Aee.
754 859 817 923 428
839 869 993 941 praesente
1014 864 1068 923 his.
1100 857 1213 924 Afran.
1230 862 1249 924 6
1265 866 1387 925 absente

226 968 319 1026 nobis.
363 960 477 1043 Pomp.
499 960 581 1025 Bon.
605 962 645 1024 47
668 971 822 1042 praesente
845 966 953 1026 amicis.
994 964 1054 1027 168
1076 974 1230 1044 praesente
1252 969 1401 1028 testibus'

227 1064 307 1131 Nov.
331 1066 370 1129 57
394 1074 547 1145 praesente
569 1067 711 1126 omnibus.

312 1163 436 1232 Verba¹
452 1165 678 1247 impersonalia
704 1165 821 1229 aotiva:
852 1165 929 1230 Pac.
952 1167 994 1230 44
1022 1171 1102 1229 dolet
1128 1171 1277 1249 pigetque.
1324 1169 1386 1232 198

227 1275 328 1351 Neque
348 1280 378 1333 16
401 1274 458 1331 1161
480 1273 607 1331 miseret.
639 1269 702 1332 354
720 1273 875 1331 miseretur
896 1274 943 1331 tui
965 1267 1062 1347 (Non.
1079 1269 1151 1349 477,
1177 1272 1388 1334 161116616111

226 1394 285 1456 pro
307 1371 458 1454 miseret).
502 1370 581 1435 Aee.
605 1371 667 1434 312
691 1391 736 1453 sq.
763 1395 858 1451 neque
884 1382 914 1434 te
941 1396 1033 1452 neque
1062 1397 1235 1453 quemquam
1256 1378 1388 1436 arbitror

227 1482 307 1539 Tuae
329 1479 516 1556 paeniturum
538 1477 642 1535 laudis.
673 1471 740 1536 Ine.
762 1472 822 1538 ine.
845 1478 925 1555 trag.
942 1475 981 1538 21
1006 1479 1060 1537 hoo
1082 1479 1163 1537 dolet
1182 1479 1274 1555 pudet
1294 1480 1387 1556 piget.

228 1579 291 1643 245
314 1598 359 1659 sq.
382 1581 515 1639 1111616
530 1579 644 1638 Horum
666 1579 808 1653 fortunae,
831 1581 874 1637 nil
890 1581 1115 1640 commiseresoit
1132 1581 1232 1640 meae?
1264 1576 1387 1660 Turpil.

229 1682 269 1744 55
299 1684 391 1754 Quam
417 1683 521 1740 matris
551 1681 597 1739 tui
624 1682 719 1758 patris
741 1702 787 1739 116
813 1683 970 1741 miseretur
990 1685 1085 1760 magis
1117 1677 1212 1762 (Non.
1235 1680 1312 1760 477,
1348 1683 1388 1745 14

227 1788 383 1845 miseretur
409 1801 468 1862 pro
497 1778 646 1862 miseret).
691 1778 815 1844 Atta?
844 1785 931 1843 Nilne
958 1791 988 1844 te
1015 1787 1118 1863 populi
1144 1793 1270 1845 veretur.
1316 1779 1387 1866 Syr.

228 1889 307 1949 sent.
331 1886 350 1948 5
373 1888 411 1945 ad
432 1887 640 1963 paenitendum
662 1892 811 1963 properat.
849 1884 910 1947 516
933 1889 1118 1965 paenitenda.
1149 1882 1388 1966 Nonnunquam

227 1985 440 2069 personaliter
460 1987 667 2065 usurpantur:
690 1984 766 2048 Pae.
790 1986 828 2048 31
853 1990 993 2067 Proloqui
1010 2011 1069 2049 non
1084 1990 1278 2068 paenitebunt
1297 1991 1387 2049 liberi

228 2094 345 2169 ingrato
369 2112 403 2149 ex
425 2092 496 2148 loco.
528 2087 588 2149 391
613 2090 677 2167 ipse
699 2091 761 2149 eius
784 2092 1050 2152 commiseresceret.
1087 2087 1208 2170 Turpil.
1234 2090 1295 2153 104
1317 2113 1387 2153 num

227 2197 310 2254 illam
331 2196 418 2253 illaec
439 2192 570 2270 pudent?
606 2187 827 2272 Impersonale
849 2190 1011 2273 passivum
1033 2198 1082 2255 661
1103 2212 1153 2274 ap.
1177 2189 1298 2274 Turpil.
1326 2194 1384 2254 141

226 2299 271 2356 ita
293 2303 473 2355 conventum.

259 2437 260 2442 κ
314 2396 363 2458 53.
400 2392 571 2456 Adiectiva
598 2393 867 2459 substantivorum
893 2394 961 2458 vice
989 2395 1171 2477 funguntur.
1221 2392 1297 2460 Pae.
1324 2396 1386 2458 153

228 2501 388 2579 promerita
410 2505 516 2560 vestra.
552 2494 619 2559 Ine.
641 2495 702 2561 ine.
725 2501 805 2579 trag.
829 2499 892 2561 260
914 2502 946 2559 in
968 2503 1102 2561 secundis
1124 2537 1166 2545 —
1188 2501 1221 2558 in
1243 2501 1385 2562 adversis.

229 2596 298 2682 Syr.
322 2604 400 2663 sent.
424 2601 487 2663 470
516 2603 547 2660 11
574 2602 679 2661 dubiis.
725 2601 1058 2663 5131161611-
1080 2604 1112 2662 in
1134 2603 1275 2662 secundis.
1321 2599 1384 2662 696

228 2707 259 2763 11
281 2707 419 2765 adversis.
464 2699 576 2764 Afran.
602 2702 642 2763 78
664 2706 786 2763 nimium
809 2700 893 2782 (bis).

410 2956 473 3010 lv.
503 2955 560 3009 Dc
579 2953 903 3012 enuntiationibus
922 2956 962 3011 ct
979 2956 1195 3026 particulis.

294 3111 362 3181 ¹54.
400 3108 589 3192 Asyndeton
619 3107 670 3172 vel
700 3108 894 3190 singidonum
926 3109 1151 3174 vocabulorum
1180 3109 1231 3173 vel
1262 3109 1385 3174 enunti·
1489 3126 1493 3133 ·

227 3212 383 3276 ationum:
406 3211 485 3275 Aoo.
510 3213 580 3274 393.
605 3211 675 3274 394.
700 3213 770 3274 437.
795 3212 857 3274 444
880 3232 926 3293 sq.
959 3214 1021 3275 614
1044 3232 1111 3293 sqq.
1134 3216 1259 3275 vestitus
1282 3221 1384 3288 taeter,

226 3320 384 3392 vastitudo,
407 3317 593 3376 Maestitudo.
624 3311 692 3377 Ine.
715 3312 775 3375 ine.
798 3318 879 3394 trag.
906 3314 965 3376 198
981 3318 1166 3375 Horrendum
1188 3318 1385 3376 miserandum

226 3421 348 3498 inpium.
393 3417 454 3478 207
479 3434 525 3494 sq.
548 3419 696 3495 palaestra
716 3419 829 3476 Eurota
856 3420 901 3477 sol
928 3418 1026 3495 pulvis
1053 3420 1138 3477 labor
1159 3420 1277 3479 Militia.
1321 3416 1385 3478 210

227 3524 287 3582 Vos
310 3522 387 3579 enim
408 3521 527 3578 iuvenes
550 3519 678 3578 animum
699 3520 803 3595 geritis
825 3521 1004 3595 muliebrem,
1026 3523 1079 3580 illa
1100 3522 1186 3597 virgo
1208 3521 1274 3580 viri.
1306 3517 1384 3581 Aee.

226 3625 327 3702 praet.
351 3621 401 3683 29.
425 3616 546 3699 Turpil.
573 3619 632 3681 195
658 3622 741 3681 tollit
762 3623 864 3681 aufert.
909 3621 968 3683 201
994 3624 1137 3682 Coronam
1160 3643 1288 3682 mensam
1309 3623 1386 3681 talos

226 3728 335 3792 vinum.
379 3722 442 3785 208
464 3724 643 3798 Nobilitate,
671 3725 804 3783 factione.
848 3719 961 3784 Afran.
986 3723 1005 3784 9
1028 3727 1108 3784 Μ616
1136 3727 1246 3784 caelum
1268 3732 1385 3784 terram.

229 3825 288 3888 171
313 3827 473 3904 Suppliciis
500 3833 618 3903 sumptu
648 3828 726 3887 votis
757 3827 841 3885 donis
868 3828 1012 3904 precibus,
1056 3822 1178 3905 Turpil.
1208 3824 1269 3887 114
1295 3826 1386 3885 Maris

227 3929 347 4006 scopuli,
371 3929 495 4002 sonitus,
519 3929 660 4003 solitudo,
684 3930 850 3989 sanctitudo
872 3929 1030 4006 Apollinis.
1074 3924 1156 3990 Pali.
1179 3925 1321 3989 1116116.
1346 3925 1384 3987 71

227 4032 343 4092 Clamor
365 4031 479 4107 lapides
502 4033 593 4091 fustes
616 4033 718 4107 gladii.
763 4025 876 4090 Afran.
901 4029 963 4091 245
986 4049 1055 4110 sqq.
1078 4032 1192 4092 involat
1213 4032 1250 4089 In
1271 4031 1386 4103 collum,

226 4136 324 4213 plorat
347 4138 424 4206 orat,
455 4135 580 4192 occurrit
602 4154 692 4211 nepos
714 4135 876 4208 Pausillus,
904 4134 1002 4211 neptis
1024 4155 1112 4212 porro
1136 4135 1172 4192 de
1193 4135 1271 4192 lecto
1292 4132 1387 4207 frigit.

227 4233 290 4296 252
313 4235 425 4297 Vixisti
455 4235 552 4294 tristis
582 4236 671 4295 durus
703 4233 835 4296 difficilis
865 4242 962 4296 tenax.
1007 4233 1070 4296 253
1093 4256 1152 4295 161
1182 4256 1237 4311 ego
1264 4241 1295 4294 te
1316 4233 1388 4292 novi
