3038 4950
685 317 900 379 „26-

302 483 352 546 De
374 486 405 567 6)
428 484 544 549 dicitur
565 485 604 549 de
626 485 706 549 loco.
750 484 862 549 Afran.
886 487 948 550 247
972 492 1105 549 delecto
1128 492 1213 567 frigit
1235 493 1285 568 (=
1301 509 1374 553 cum

214 607 292 650 sono
324 586 443 650 sussilit
469 585 552 651 Non.
576 590 647 668 308,
673 589 734 668 14).
779 586 895 653 Labor.
927 590 988 653 103
1017 593 1134 653 Movere
1157 595 1257 652 -de
1284 602 1372 655 statu.

214 689 249 769 b)
273 690 312 753 de
335 689 456 771 origine
471 690 551 755 Acc.
567 692 626 754 341
644 715 704 754 666
719 695 801 753 16661
817 696 938 754 deloco.
983 687 1052 774 Syr.
1069 697 1148 756 sent.
1165 694 1227 757 760
1241 698 1375 757 nascitur

214 798 251 854 (16
272 797 375 872 gloria.
421 798 452 873 6)
478 792 708 875 significatione
736 793 887 874 partitiva
913 792 1029 857 Labor.
1052 795 1093 858 49
1122 815 1167 876 sq.
1191 800 1227 857 (16
1256 801 1375 876 integro

214 899 392 976 patrimonio
415 899 480 973 Meo
502 900 644 957 memordi
666 905 782 958 centum
803 918 951 958 nummum
973 900 1064 958 milia.
1109 896 1143 976 d)
1166 897 1206 961 (16
1226 902 1373 980 ternpore

213 995 327 1079 Pomp.
348 996 430 1061 Bon.
453 999 491 1060 13
513 1003 615 1060 Exilui
637 1003 674 1060 (16
696 1008 788 1061 nocte.
834 1002 865 1077 6)
887 998 1044 1062 translata
1066 997 1296 1081 significatione
1310 1000 1375 1065 loci

212 1098 341 1179 dicitur,
374 1100 401 1163 si
431 1099 516 1164 idem
547 1103 596 1162 est
626 1099 710 1180 quod
732 1101 905 1176 secandam,
940 1096 1009 1182 Syr.
1038 1107 1117 1165 sent.
1151 1104 1209 1165 151
1243 1112 1374 1167 extreme

213 1226 328 1283 semper
358 1206 394 1263 de
425 1211 493 1264 ante
523 1207 609 1265 fectis
644 1206 783 1265 iudicant.
836 1201 867 1282 f)
898 1200 1011 1283 Longe
1041 1202 1296 1285 frequentissime
1327 1205 1375 1270 ita

212 1308 399 1386 usurpatur,
427 1307 463 1366 ut
490 1302 682 1385 respondeat
704 1300 904 1368 Graecorum
933 1305 1162 1388 praepositioni
1193 1308 1268 1393 περὶ
1301 1325 1375 1371 cum

213 1406 358 1487 genetivo
388 1405 583 1470 coniunctae.
629 1404 705 1469 Pac.
734 1408 776 1470 24
804 1412 848 1469 De
876 1411 987 1470 virtute
1009 1446 1051 1456 —
1074 1413 1222 1472 cernundi.
1268 1410 1308 1471 18
1337 1415 1373 1472 (16

212 1533 311 1572 errore
338 1513 400 1571 eius
428 1518 562 1588 augurat.
606 1508 668 1571 316
697 1513 907 1588 perrogitando
929 1548 971 1557 —
993 1515 1029 1572 de
1056 1516 1161 1590 gnat'.
1205 1509 1285 1574 Ace.
1311 1513 1373 1576 195

213 1616 250 1673 (16
271 1616 332 1674 11116
359 1615 460 1674 merui.
506 1609 627 1692 Turpil.
653 1611 713 1673 192
742 1615 778 1672 de
804 1635 850 1673 me
876 1636 975 1674 meres.
1019 1611 1133 1675 Afran.
1161 1613 1223 1675 358
1251 1616 1308 1687 Qui
1337 1618 1374 1675 de

212 1722 243 1774 16
264 1722 295 1774 61
318 1717 428 1776 (161116
449 1717 575 1793 pessime
597 1751 638 1759 -
660 1736 833 1793 promerere.
878 1715 939 1777 389
962 1719 1038 1776 male
1060 1724 1209 1776 merentur
1227 1719 1264 1776 de
1278 1719 1372 1778 nobis.

212 1815 255 1877 85
278 1819 330 1877 abs
352 1824 382 1878 16
404 1835 518 1877 seorsus
540 1818 664 1876 sentiam
685 1818 730 1876 De
757 1820 861 1877 uxoria
886 1839 926 1878 re.
973 1818 1031 1879 147
1054 1821 1099 1879 De
1126 1822 1190 1880 vita
1217 1841 1251 1879 ac
1276 1826 1372 1880 morte

211 1921 325 1979 domini
347 1922 528 1980 fabulabare.
573 1918 635 1980 344
658 1920 736 1979 Aliis
759 1921 912 1981 derebus.
957 1919 1020 1981 350
1048 1923 1170 1982 verbum
1196 1923 1315 1980 fecerim
1337 1924 1374 1981 de

212 2027 279 2084 iste.
324 2017 392 2103 Syr.
418 2024 497 2084 6661.
519 2021 581 2082 477
611 2023 696 2099 queri
723 2023 759 2081 de
787 2024 924 2082 adversis.
970 2021 1032 2082 515
1061 2025 1097 2082 de
1116 2045 1181 2102 ,quo
1208 2046 1267 2084 non
1294 2026 1374 2084 ausis

211 2128 303 2204 queri.
348 2123 410 2186 532
434 2127 470 2184 de
492 2147 550 2203 666
572 2158 614 2167 -
636 2126 728 2201 queri.
775 2122 837 2184 578
860 2126 896 2184 de
924 2126 1043 2185 inimico
1066 2147 1103 2185 ne
1130 2127 1262 2203 loquaris
1287 2127 1373 2185 male.

223 2227 287 2288 667
310 2249 368 2287 non
378 2229 469 2287 facile
491 2230 527 2287 de
548 2230 702 2286 innocente
724 2227 833 2285 crimen
854 2227 985 2303 fingitur.

298 2327 338 2400 11,
363 2348 399 2388 66
421 2332 454 2406 6)
477 2326 594 2390 dicitur
615 2325 655 2388 de
677 2325 748 2388 1666
779 2325 843 2388 sive
871 2346 946 2390 vero
974 2326 1039 2390 sive
1067 2346 1125 2408 per
1151 2325 1373 2408 metaphoram

212 2428 362 2509 cogitate.
407 2427 484 2492 Pac.
501 2430 542 2491 84
564 2433 693 2508 Plusque
716 2453 752 2490 ex
774 2434 870 2492 alieno
891 2433 987 2491 iecore
1009 2433 1128 2510 sapiunt
1149 2453 1236 2509 quam
1254 2453 1290 2491 66
1309 2452 1370 2491 suo.

215 2532 276 2595 178
303 2535 505 2611 Quantumque
531 2555 567 2593 66
592 2535 784 2594 discorditate
812 2535 924 2593 cladem
952 2535 1098 2613 inportem
1124 2536 1261 2594 familiae.
1309 2532 1371 2594 184

209 2658 270 2695 666
291 2643 325 2695 16
350 2643 381 2694 16
409 2657 424 2695 6
451 2642 617 2714 conspectu·
630 2671 671 2680 —
694 2637 835 2696 amolire?
871 2633 935 2696 284
963 2657 999 2694 66
1026 2642 1143 2714 pectore
1166 2672 1207 2681 —
1229 2638 1371 2697 evolvere.

211 2733 291 2799 Ace.
316 2736 331 2798 1
362 2758 398 2797 66
426 2739 546 2797 crimine
573 2739 759 2797 inimicorum
786 2739 920 2814 effugere.
964 2737 1005 2799 32
1033 2741 1145 2797 caelum
1171 2760 1187 2797 e
1214 2745 1372 2817 conspectu

209 2841 343 2900 abstulit.
387 2840 427 2900 47
452 2841 619 2918 Composita
641 2841 720 2898 dicta
742 2861 757 2898 e
779 2846 897 2918 pectore
915 2843 1053 2901 evolvunt
1070 2862 1130 2900 suo.
1175 2839 1212 2900 61
1235 2843 1371 2900 excitasti

210 2964 247 3002 66
269 2944 358 3001 16616.
404 2940 465 3002 184
488 2963 523 3001 66
544 2961 669 3000 nemore.
716 2939 776 3002 185
799 2963 905 3020 quaere
928 2943 1060 3003 6661116.
1105 2941 1167 3003 212
1191 2945 1304 3021 clepere
1327 2977 1369 2988 --

211 3045 341 3120 eregia.
386 3042 449 3105 300
472 3065 487 3103 e
509 3050 587 3104 tecto
610 3044 713 3102 excies.
758 3043 819 3105 391
844 3050 996 3124 6616616
1022 3047 1113 3104 moles
1136 3047 1248 3105 labitur
1270 3081 1311 3090 —-
1335 3067 1372 3105 66

211 3149 273 3207 6116
295 3147 410 3221 ingenti
432 3148 531 3206 sonitu
559 3153 589 3206 et
615 3147 730 3223 spiritu.
775 3145 834 3206 411
867 3168 902 3206 66
930 3148 1050 3206 immani
1080 3148 1190 3207 victum
1221 3149 1259 3206 ad
1289 3168 1370 3206 man·

128 3289 132 3296 ·
210 3255 324 3311 suetum
349 3250 508 3327 applicans.
553 3245 616 3310 404
639 3265 684 3327 sq.
708 3269 744 3307 66
766 3249 890 3308 Graecia
913 3249 1006 3309 Omni.
1051 3246 1114 3310 494
1137 3250 1209 3309 Cum
1231 3270 1247 3309 e
1269 3270 1370 3309 somno

210 3354 243 3412 in
264 3359 394 3429 segetem
409 3352 533 3428 agrestis
548 3385 589 3393 -
605 3351 690 3409 cient.
721 3348 783 3410 496
805 3352 964 3429 glebasque
986 3373 1055 3411 arvo
1078 3373 1114 3410 66
1135 3352 1219 3411 molli
1241 3354 1368 3412 exsusci-

210 3461 282 3514 tent.
336 3451 398 3514 563
431 3474 466 3511 66
497 3454 623 3512 sublimo
653 3453 770 3511 vertice.
815 3451 878 3513 576
906 3475 942 3513 66
972 3454 1078 3513 humili
1109 3455 1241 3514 sede-
1264 3456 1370 3515 evolat.

210 3555 274 3618 638
296 3557 409 3615 facinus
430 3556 587 3633 pessimum
610 3575 646 3612 ex
666 3555 812 3614 dementia
827 3556 982 3632 Contingit.
1028 3554 1091 3617 644
1106 3557 1213 3615 Famae
1228 3590 1270 3599 —
1285 3558 1370 3616 nobi·

209 3661 281 3719 litas
304 3661 363 3717 late
386 3678 421 3716 66
443 3659 536 3734 stirpe
557 3658 708 3734 praeclara
731 3663 844 3734 evagat
890 3650 1009 3719 Santra
1031 3656 1050 3718 3
1073 3680 1110 3718 ex
1131 3659 1241 3735 templo
1264 3660 1369 3718 666116.

209 3757 322 3839 Pomp.
347 3757 366 3819 8
388 3760 520 3818 Pendeat
547 3779 582 3817 66
608 3760 723 3819 umeris.
766 3754 834 3820 Ino.
856 3756 917 3820 inc.
939 3760 1020 3838 trag.
1047 3759 1085 3820 13
1114 3781 1150 3818 66
1177 3761 1283 3820 oraclo
1329 3758 1370 3821 76

209 3865 378 3923 excitantur
409 3897 450 3905 —
481 3882 516 3919 66
547 3862 630 3920 ostio.
683 3859 745 3922 209
778 3883 794 3921 6
824 3863 987 3923 visceribus
1017 3862 1136 3938 sanguis
1164 3868 1256 3921 66661.
1306 3860 1370 3924 239

208 3970 364 4025 transeunt
385 3965 423 4022 ad
444 3965 533 4042 pedes
555 3965 703 4041 6666616.
748 3959 870 4043 Turpil.
887 3962 927 4024 47
948 3966 1099 4024 horrorem
1121 3964 1194 4022 mihi
1215 3965 1262 4022 Ex
1283 3965 1371 4024 corde

210 4068 434 4127 exsuscitabunt.
479 4064 519 4126 87
543 4067 705 4125 satisfiucti
734 4087 770 4126 66
796 4073 827 4125 16
849 4087 960 4145 cepero.
1004 4062 1118 4127 Afran.
1143 4063 1202 4126 187
1226 4087 1371 4144 aquame

208 4190 280 4229 ceno
302 4169 427 4228 haurire.
472 4166 536 4228 400
562 4170 653 4246 periit
674 4201 715 4211 —
737 4170 784 4227 Ex
810 4170 915 4228 animo.
960 4165 1023 4228 408
1044 4169 1090 4227 Ex
1112 4189 1170 4227 ore.
1213 4164 1370 4248 Pompon.

208 4265 293 4332 Bon.
317 4269 378 4332 102
401 4271 476 4331 scire
498 4291 534 4329 ex
556 4276 594 4330 te.
638 4264 719 4330 Nor.
745 4268 805 4331 103
836 4272 1046 4330 tristimoniam
1072 4271 1118 4329 Ex
1144 4271 1242 4329 animo
1270 4273 1370 4331 detur·
