<?xml version="1.0" encoding="UTF-8"?>
<!DOCTYPE html PUBLIC "-//W3C//DTD XHTML 1.0 Transitional//EN"
    "http://www.w3.org/TR/xhtml1/DTD/xhtml1-transitional.dtd">
<html xmlns="http://www.w3.org/1999/xhtml" xml:lang="en" lang="en">
 <head>
  <title>
</title>
<meta http-equiv="Content-Type" content="text/html;charset=utf-8" />
  <meta name='ocr-system' content='tesseract 3.04.00' />
  <meta name='ocr-capabilities' content='ocr_page ocr_carea ocr_par ocr_line ocrx_word'/>
</head>
<body>
  <div class='ocr_page' id='page_1' title='image "./syntaxisfragmen00holtgoog_0086.png"; bbox 0 0 3038 4950; ppageno 0'>
   <div class='ocr_carea' id='block_1_1' title="bbox 597 350 811 450">
    <p class='ocr_par' dir='ltr' id='par_1_1' title="bbox 597 350 811 450">
     <span class='ocr_line' id='line_1_1' title="bbox 597 350 811 450; baseline -0.005 -37"><span class='ocrx_word' id='word_1_1' title='bbox 597 350 811 450; x_wconf 53' lang='lat'><strong>-757</strong></span> 
     </span>
    </p>
   </div>
   <div class='ocr_carea' id='block_1_2' title="bbox 124 517 1283 1622">
    <p class='ocr_par' dir='ltr' id='par_1_2' title="bbox 124 517 1283 1622">
     <span class='ocr_line' id='line_1_2' title="bbox 124 517 1279 598; baseline -0.001 -14"><span class='ocrx_word' id='word_1_2' title='bbox 124 525 219 584; x_wconf 91' lang='lat' dir='ltr'><strong>unico.</strong></span> <span class='ocrx_word' id='word_1_3' title='bbox 263 517 377 584; x_wconf 82' lang='lat' dir='ltr'><strong>Afran.</strong></span> <span class='ocrx_word' id='word_1_4' title='bbox 400 521 440 585; x_wconf 97' lang='grc'><strong>41</strong></span> <span class='ocrx_word' id='word_1_5' title='bbox 465 543 548 582; x_wconf 88' lang='lat' dir='ltr'><strong>caeco</strong></span> <span class='ocrx_word' id='word_1_6' title='bbox 571 544 604 581; x_wconf 90' lang='lat' dir='ltr'><strong>ac</strong></span> <span class='ocrx_word' id='word_1_7' title='bbox 627 524 762 582; x_wconf 90' lang='lat' dir='ltr'><strong>dementi.</strong></span> <span class='ocrx_word' id='word_1_8' title='bbox 807 521 846 582; x_wconf 87' lang='lat'><strong>61</strong></span> <span class='ocrx_word' id='word_1_9' title='bbox 871 523 1008 598; x_wconf 89' lang='lat' dir='ltr'><strong>Vigilans</strong></span> <span class='ocrx_word' id='word_1_10' title='bbox 1031 543 1064 582; x_wconf 85' lang='lat' dir='ltr'><strong>ac</strong></span> <span class='ocrx_word' id='word_1_11' title='bbox 1086 524 1198 582; x_wconf 91' lang='lat' dir='ltr'><strong>sollers.</strong></span> <span class='ocrx_word' id='word_1_12' title='bbox 1239 521 1279 583; x_wconf 95' lang='grc'>87</span> 
     </span>
     <span class='ocr_line' id='line_1_3' title="bbox 125 622 1281 701; baseline -0.001 -16"><span class='ocrx_word' id='word_1_13' title='bbox 125 627 218 698; x_wconf 82' lang='lat' dir='ltr'><strong>Quam</strong></span> <span class='ocrx_word' id='word_1_14' title='bbox 238 626 318 685; x_wconf 90' lang='lat' dir='ltr'><strong>lente</strong></span> <span class='ocrx_word' id='word_1_15' title='bbox 338 630 449 685; x_wconf 90' lang='lat' dir='ltr'><strong>tractat</strong></span> <span class='ocrx_word' id='word_1_16' title='bbox 470 645 516 684; x_wconf 92' lang='lat' dir='ltr'><strong>me</strong></span> <span class='ocrx_word' id='word_1_17' title='bbox 538 631 626 701; x_wconf 89' lang='lat' dir='ltr'><strong>etque</strong></span> <span class='ocrx_word' id='word_1_18' title='bbox 647 625 769 683; x_wconf 76' lang='lat' dir='ltr'><strong>inludit!</strong></span> <span class='ocrx_word' id='word_1_19' title='bbox 806 622 866 684; x_wconf 82' lang='lat'><strong>192</strong></span> <span class='ocrx_word' id='word_1_20' title='bbox 889 645 919 684; x_wconf 90' lang='lat' dir='ltr'><strong>se</strong></span> <span class='ocrx_word' id='word_1_21' title='bbox 941 645 974 684; x_wconf 90' lang='lat' dir='ltr'><strong>ac</strong></span> <span class='ocrx_word' id='word_1_22' title='bbox 996 645 1071 685; x_wconf 91' lang='lat' dir='ltr'><strong>suos.</strong></span> <span class='ocrx_word' id='word_1_23' title='bbox 1102 623 1165 686; x_wconf 92' lang='grc'><strong>202</strong></span> <span class='ocrx_word' id='word_1_24' title='bbox 1187 626 1281 684; x_wconf 84' lang='lat' dir='ltr'><strong>Multa</strong></span> 
     </span>
     <span class='ocr_line' id='line_1_4' title="bbox 126 724 1282 804; baseline -0.002 -16"><span class='ocrx_word' id='word_1_25' title='bbox 126 749 159 788; x_wconf 89' lang='lat' dir='ltr'><strong>ec</strong></span> <span class='ocrx_word' id='word_1_26' title='bbox 181 729 304 787; x_wconf 91' lang='lat' dir='ltr'><strong>molesta</strong></span> <span class='ocrx_word' id='word_1_27' title='bbox 332 749 370 787; x_wconf 89' lang='lat' dir='ltr'><strong>es.</strong></span> <span class='ocrx_word' id='word_1_28' title='bbox 415 725 478 786; x_wconf 94' lang='grc'><strong>220</strong></span> <span class='ocrx_word' id='word_1_29' title='bbox 501 728 621 786; x_wconf 86' lang='lat' dir='ltr'><strong>adorate</strong></span> <span class='ocrx_word' id='word_1_30' title='bbox 648 748 682 787; x_wconf 92' lang='lat' dir='ltr'><strong>ac</strong></span> <span class='ocrx_word' id='word_1_31' title='bbox 709 727 827 786; x_wconf 86' lang='lat' dir='ltr'><strong>saniter.</strong></span> <span class='ocrx_word' id='word_1_32' title='bbox 872 724 934 787; x_wconf 83' lang='lat'><strong>256</strong></span> <span class='ocrx_word' id='word_1_33' title='bbox 956 728 1025 786; x_wconf 88' lang='lat' dir='ltr'><strong>novi</strong></span> <span class='ocrx_word' id='word_1_34' title='bbox 1048 729 1171 787; x_wconf 89' lang='lat' dir='ltr'><strong>amicum</strong></span> <span class='ocrx_word' id='word_1_35' title='bbox 1193 735 1282 804; x_wconf 86' lang='lat' dir='ltr'><strong>atque</strong></span> 
     </span>
     <span class='ocr_line' id='line_1_5' title="bbox 126 826 1281 908; baseline -0.003 -17"><span class='ocrx_word' id='word_1_36' title='bbox 126 832 277 908; x_wconf 88' lang='lat' dir='ltr'><strong>aequalem</strong></span> <span class='ocrx_word' id='word_1_37' title='bbox 304 850 407 889; x_wconf 90' lang='lat' dir='ltr'><strong>meum.</strong></span> <span class='ocrx_word' id='word_1_38' title='bbox 452 826 513 888; x_wconf 93' lang='grc'><strong>312</strong></span> <span class='ocrx_word' id='word_1_39' title='bbox 541 844 662 888; x_wconf 87' lang='lat' dir='ltr'><strong>numero</strong></span> <span class='ocrx_word' id='word_1_40' title='bbox 694 849 728 887; x_wconf 87' lang='lat' dir='ltr'><strong>ac</strong></span> <span class='ocrx_word' id='word_1_41' title='bbox 752 829 937 906; x_wconf 80' lang='lat' dir='ltr'>nequiquam.</span> <span class='ocrx_word' id='word_1_42' title='bbox 982 828 1045 890; x_wconf 87' lang='lat'><strong>314</strong></span> <span class='ocrx_word' id='word_1_43' title='bbox 1072 830 1166 888; x_wconf 91' lang='lat' dir='ltr'><strong>Domo</strong></span> <span class='ocrx_word' id='word_1_44' title='bbox 1194 835 1281 906; x_wconf 84' lang='lat' dir='ltr'><strong>atque</strong></span> 
     </span>
     <span class='ocr_line' id='line_1_6' title="bbox 126 928 1281 1010; baseline -0.003 -17"><span class='ocrx_word' id='word_1_45' title='bbox 126 941 227 993; x_wconf 90' lang='lat' dir='ltr'><strong>nostra</strong></span> <span class='ocrx_word' id='word_1_46' title='bbox 248 932 369 991; x_wconf 86' lang='lat' dir='ltr'><strong>familia.</strong></span> <span class='ocrx_word' id='word_1_47' title='bbox 401 928 463 991; x_wconf 86' lang='lat'><strong>368</strong></span> <span class='ocrx_word' id='word_1_48' title='bbox 485 951 587 990; x_wconf 88' lang='lat' dir='ltr'><strong>verum</strong></span> <span class='ocrx_word' id='word_1_49' title='bbox 609 931 732 989; x_wconf 90' lang='lat' dir='ltr'><strong>amicum</strong></span> <span class='ocrx_word' id='word_1_50' title='bbox 755 932 905 1008; x_wconf 88' lang='lat' dir='ltr'><strong>aequalem</strong></span> <span class='ocrx_word' id='word_1_51' title='bbox 928 938 1016 1010; x_wconf 86' lang='lat' dir='ltr'><strong>atque</strong></span> <span class='ocrx_word' id='word_1_52' title='bbox 1038 932 1183 1009; x_wconf 80' lang='lat' dir='ltr'><strong>hospitem</strong></span> <span class='ocrx_word' id='word_1_53' title='bbox 1201 931 1281 990; x_wconf 81' lang='lat' dir='ltr'><strong>Coti·</strong></span> 
     </span>
     <span class='ocr_line' id='line_1_7' title="bbox 127 1026 1281 1113; baseline -0.003 -18"><span class='ocrx_word' id='word_1_54' title='bbox 127 1037 247 1096; x_wconf 91' lang='lat' dir='ltr'><strong>dianum</strong></span> <span class='ocrx_word' id='word_1_55' title='bbox 270 1040 299 1093; x_wconf 92' lang='lat' dir='ltr'><strong>et</strong></span> <span class='ocrx_word' id='word_1_56' title='bbox 321 1035 434 1093; x_wconf 91' lang='lat' dir='ltr'><strong>lautum</strong></span> <span class='ocrx_word' id='word_1_57' title='bbox 456 1034 616 1093; x_wconf 81' lang='lat' dir='ltr'><strong>convivam.</strong></span> <span class='ocrx_word' id='word_1_58' title='bbox 659 1026 773 1110; x_wconf 89' lang='lat' dir='ltr'><strong>Pomp.</strong></span> <span class='ocrx_word' id='word_1_59' title='bbox 795 1026 877 1094; x_wconf 91' lang='lat' dir='ltr'><strong>Bon.</strong></span> <span class='ocrx_word' id='word_1_60' title='bbox 902 1032 921 1093; x_wconf 98' lang='grc'><strong>2</strong></span> <span class='ocrx_word' id='word_1_61' title='bbox 944 1035 1070 1113; x_wconf 89' lang='lat' dir='ltr'><strong>adpereo</strong></span> <span class='ocrx_word' id='word_1_62' title='bbox 1093 1041 1181 1110; x_wconf 89' lang='lat' dir='ltr'><strong>atque</strong></span> <span class='ocrx_word' id='word_1_63' title='bbox 1202 1034 1281 1093; x_wconf 85' lang='lat' dir='ltr'><strong>aedi·</strong></span> 
     </span>
     <span class='ocr_line' id='line_1_8' title="bbox 126 1132 1282 1212; baseline -0.002 -15"><span class='ocrx_word' id='word_1_64' title='bbox 126 1146 225 1197; x_wconf 89' lang='lat' dir='ltr'><strong>tumor</strong></span> <span class='ocrx_word' id='word_1_65' title='bbox 247 1138 306 1197; x_wconf 77' lang='lat' dir='ltr'><strong>eto.</strong></span> <span class='ocrx_word' id='word_1_66' title='bbox 351 1132 393 1194; x_wconf 89' lang='grc'>54</span> <span class='ocrx_word' id='word_1_67' title='bbox 415 1136 521 1194; x_wconf 90' lang='lat' dir='ltr'><strong>munde</strong></span> <span class='ocrx_word' id='word_1_68' title='bbox 543 1142 631 1211; x_wconf 86' lang='lat' dir='ltr'><strong>atque</strong></span> <span class='ocrx_word' id='word_1_69' title='bbox 653 1136 797 1212; x_wconf 76' lang='lat' dir='ltr'>ampliter.</span> <span class='ocrx_word' id='word_1_70' title='bbox 837 1133 898 1196; x_wconf 95' lang='grc'><strong>100</strong></span> <span class='ocrx_word' id='word_1_71' title='bbox 920 1137 1112 1196; x_wconf 76' lang='lat' dir='ltr'><strong>manducatur</strong></span> <span class='ocrx_word' id='word_1_72' title='bbox 1134 1157 1168 1195; x_wconf 86' lang='lat' dir='ltr'><strong>ac</strong></span> <span class='ocrx_word' id='word_1_73' title='bbox 1189 1137 1282 1195; x_wconf 92' lang='lat' dir='ltr'><strong>molit.</strong></span> 
     </span>
     <span class='ocr_line' id='line_1_9' title="bbox 128 1231 1282 1315; baseline -0.003 -15"><span class='ocrx_word' id='word_1_74' title='bbox 128 1238 167 1300; x_wconf 97' lang='grc'><strong>97</strong></span> <span class='ocrx_word' id='word_1_75' title='bbox 190 1239 255 1315; x_wconf 92' lang='lat' dir='ltr'><strong>igni</strong></span> <span class='ocrx_word' id='word_1_76' title='bbox 282 1244 370 1314; x_wconf 89' lang='lat' dir='ltr'><strong>atque</strong></span> <span class='ocrx_word' id='word_1_77' title='bbox 397 1259 480 1314; x_wconf 90' lang='lat' dir='ltr'><strong>aqua.</strong></span> <span class='ocrx_word' id='word_1_78' title='bbox 524 1231 640 1297; x_wconf 75' lang='lat' dir='ltr'><strong>Labor.</strong></span> <span class='ocrx_word' id='word_1_79' title='bbox 664 1234 705 1295; x_wconf 88' lang='grc'><strong>42</strong></span> <span class='ocrx_word' id='word_1_80' title='bbox 728 1237 892 1298; x_wconf 88' lang='lat' dir='ltr'><strong>Licentiam</strong></span> <span class='ocrx_word' id='word_1_81' title='bbox 915 1260 949 1298; x_wconf 90' lang='lat' dir='ltr'><strong>ac</strong></span> <span class='ocrx_word' id='word_1_82' title='bbox 970 1239 1132 1297; x_wconf 84' lang='lat' dir='ltr'><strong>libidinem.</strong></span> <span class='ocrx_word' id='word_1_83' title='bbox 1175 1236 1282 1297; x_wconf 89' lang='lat' dir='ltr'><strong>Anon.</strong></span> 
     </span>
     <span class='ocr_line' id='line_1_10' title="bbox 127 1334 1283 1418; baseline -0.003 -16"><span class='ocrx_word' id='word_1_84' title='bbox 127 1337 213 1402; x_wconf 89' lang='lat' dir='ltr'><strong>mim.</strong></span> <span class='ocrx_word' id='word_1_85' title='bbox 235 1334 292 1400; x_wconf 90' lang='lat' dir='ltr'><strong>IX</strong></span> <span class='ocrx_word' id='word_1_86' title='bbox 314 1340 456 1417; x_wconf 74' lang='lat' dir='ltr'><strong>perscribi</strong></span> <span class='ocrx_word' id='word_1_87' title='bbox 483 1344 571 1416; x_wconf 91' lang='lat' dir='ltr'><strong>atque</strong></span> <span class='ocrx_word' id='word_1_88' title='bbox 597 1339 725 1416; x_wconf 79' lang='lat' dir='ltr'><strong>depingi.</strong></span> <span class='ocrx_word' id='word_1_89' title='bbox 770 1334 801 1417; x_wconf 80' lang='lat' dir='ltr'><strong>b)</strong></span> <span class='ocrx_word' id='word_1_90' title='bbox 826 1361 916 1417; x_wconf 91' lang='lat' dir='ltr'><strong>aeque</strong></span> <span class='ocrx_word' id='word_1_91' title='bbox 944 1362 977 1400; x_wconf 91' lang='lat' dir='ltr'><strong>ac</strong></span> <span class='ocrx_word' id='word_1_92' title='bbox 998 1337 1078 1401; x_wconf 77' lang='lat' dir='ltr'><strong>Aac.</strong></span> <span class='ocrx_word' id='word_1_93' title='bbox 1101 1342 1202 1418; x_wconf 80' lang='lat' dir='ltr'><strong>praet.</strong></span> <span class='ocrx_word' id='word_1_94' title='bbox 1227 1337 1283 1414; x_wconf 85' lang='grc'><strong>32;</strong></span> 
     </span>
     <span class='ocr_line' id='line_1_11' title="bbox 127 1434 1283 1520; baseline -0.003 -16"><span class='ocrx_word' id='word_1_95' title='bbox 127 1438 241 1504; x_wconf 81' lang='lat' dir='ltr'><strong>Afran.</strong></span> <span class='ocrx_word' id='word_1_96' title='bbox 264 1439 326 1502; x_wconf 91' lang='grc'><strong>262</strong></span> <span class='ocrx_word' id='word_1_97' title='bbox 353 1442 454 1518; x_wconf 88' lang='lat' dir='ltr'><strong>Aeque</strong></span> <span class='ocrx_word' id='word_1_98' title='bbox 477 1475 518 1484; x_wconf 88' lang='lat'><em>-</em></span> <span class='ocrx_word' id='word_1_99' title='bbox 540 1462 582 1500; x_wconf 91' lang='lat' dir='ltr'><strong>ac.</strong></span> <span class='ocrx_word' id='word_1_100' title='bbox 625 1434 742 1500; x_wconf 76' lang='lat' dir='ltr'><strong>Labor.</strong></span> <span class='ocrx_word' id='word_1_101' title='bbox 773 1440 833 1502; x_wconf 87' lang='lat'><strong>113</strong></span> <span class='ocrx_word' id='word_1_102' title='bbox 861 1462 950 1520; x_wconf 88' lang='lat' dir='ltr'><strong>aeque</strong></span> <span class='ocrx_word' id='word_1_103' title='bbox 978 1450 1074 1520; x_wconf 86' lang='lat' dir='ltr'><strong>atque.</strong></span> <span class='ocrx_word' id='word_1_104' title='bbox 1120 1437 1197 1502; x_wconf 78' lang='lat' dir='ltr'><strong>Ace.</strong></span> <span class='ocrx_word' id='word_1_105' title='bbox 1221 1439 1283 1501; x_wconf 92' lang='grc'><strong>449</strong></span> 
     </span>
     <span class='ocr_line' id='line_1_12' title="bbox 129 1535 846 1622; baseline -0.001 -18"><span class='ocrx_word' id='word_1_106' title='bbox 129 1546 215 1605; x_wconf 89' lang='lat' dir='ltr'><strong>simul</strong></span> <span class='ocrx_word' id='word_1_107' title='bbox 237 1565 278 1604; x_wconf 90' lang='lat' dir='ltr'><strong>ac.</strong></span> <span class='ocrx_word' id='word_1_108' title='bbox 323 1535 393 1622; x_wconf 78' lang='lat' dir='ltr'><strong>Syr.</strong></span> <span class='ocrx_word' id='word_1_109' title='bbox 416 1543 495 1602; x_wconf 81' lang='lat' dir='ltr'><strong>sent.</strong></span> <span class='ocrx_word' id='word_1_110' title='bbox 518 1539 578 1602; x_wconf 84' lang='lat'><strong>811</strong></span> <span class='ocrx_word' id='word_1_111' title='bbox 602 1547 664 1602; x_wconf 90' lang='lat' dir='ltr'><strong>tam</strong></span> <span class='ocrx_word' id='word_1_112' title='bbox 686 1577 728 1585; x_wconf 90' lang='lat'>—</span> <span class='ocrx_word' id='word_1_113' title='bbox 750 1551 846 1620; x_wconf 86' lang='lat' dir='ltr'><strong>atque.</strong></span> 
     </span>
    </p>
   </div>
   <div class='ocr_carea' id='block_1_3' title="bbox 129 1670 1286 1963">
    <p class='ocr_par' dir='ltr' id='par_1_3' title="bbox 129 1670 1286 1963">
     <span class='ocr_line' id='line_1_13' title="bbox 216 1670 1285 1756; baseline -0.004 -15"><span class='ocrx_word' id='word_1_114' title='bbox 216 1678 266 1741; x_wconf 86' lang='lat'><strong>65.</strong></span> <span class='ocrx_word' id='word_1_115' title='bbox 305 1675 405 1739; x_wconf 77' lang='lat' dir='ltr'><strong>etiam.</strong></span> <span class='ocrx_word' id='word_1_116' title='bbox 456 1673 569 1756; x_wconf 90' lang='lat' dir='ltr'><strong>Pomp.</strong></span> <span class='ocrx_word' id='word_1_117' title='bbox 596 1670 678 1738; x_wconf 88' lang='lat' dir='ltr'><strong>Bon.</strong></span> <span class='ocrx_word' id='word_1_118' title='bbox 703 1677 744 1738; x_wconf 89' lang='grc'><strong>66</strong></span> <span class='ocrx_word' id='word_1_119' title='bbox 770 1680 870 1738; x_wconf 88' lang='lat' dir='ltr'><strong>Etiam</strong></span> <span class='ocrx_word' id='word_1_120' title='bbox 895 1701 980 1739; x_wconf 88' lang='lat' dir='ltr'><strong>nunc.</strong></span> <span class='ocrx_word' id='word_1_121' title='bbox 1024 1674 1100 1740; x_wconf 85' lang='lat' dir='ltr'><strong>Pac.</strong></span> <span class='ocrx_word' id='word_1_122' title='bbox 1124 1677 1185 1739; x_wconf 91' lang='grc'><strong>357</strong></span> <span class='ocrx_word' id='word_1_123' title='bbox 1214 1679 1285 1756; x_wconf 89' lang='lat' dir='ltr'><strong>quin</strong></span> 
     </span>
     <span class='ocr_line' id='line_1_14' title="bbox 130 1777 1286 1857; baseline -0.003 -14"><span class='ocrx_word' id='word_1_124' title='bbox 130 1785 228 1844; x_wconf 87' lang='lat' dir='ltr'><strong>etiam.</strong></span> <span class='ocrx_word' id='word_1_125' title='bbox 273 1779 334 1842; x_wconf 94' lang='grc'><strong>277</strong></span> <span class='ocrx_word' id='word_1_126' title='bbox 358 1782 389 1839; x_wconf 92' lang='lat' dir='ltr'><strong>ni</strong></span> <span class='ocrx_word' id='word_1_127' title='bbox 413 1781 500 1839; x_wconf 88' lang='lat' dir='ltr'><strong>etiam</strong></span> <span class='ocrx_word' id='word_1_128' title='bbox 522 1780 599 1838; x_wconf 91' lang='lat' dir='ltr'><strong>hunc</strong></span> <span class='ocrx_word' id='word_1_129' title='bbox 621 1815 661 1822; x_wconf 98' lang='lat'><strong>—</strong></span> <span class='ocrx_word' id='word_1_130' title='bbox 686 1780 829 1857; x_wconf 86' lang='lat' dir='ltr'><strong>adiungas</strong></span> <span class='ocrx_word' id='word_1_131' title='bbox 852 1783 1019 1842; x_wconf 87' lang='lat' dir='ltr'><strong>cruciatum.</strong></span> <span class='ocrx_word' id='word_1_132' title='bbox 1058 1777 1137 1843; x_wconf 74' lang='lat' dir='ltr'><strong>Aac.</strong></span> <span class='ocrx_word' id='word_1_133' title='bbox 1161 1779 1223 1842; x_wconf 91' lang='grc'><strong>352</strong></span> <span class='ocrx_word' id='word_1_134' title='bbox 1245 1781 1286 1840; x_wconf 88' lang='lat' dir='ltr'><strong>Ut</strong></span> 
     </span>
     <span class='ocr_line' id='line_1_15' title="bbox 129 1881 1286 1963; baseline -0.004 -17"><span class='ocrx_word' id='word_1_135' title='bbox 129 1886 217 1946; x_wconf 89' lang='lat' dir='ltr'><strong>etiem</strong></span> <span class='ocrx_word' id='word_1_136' title='bbox 247 1905 385 1944; x_wconf 78' lang='lat' dir='ltr'><strong>aerumna</strong></span> <span class='ocrx_word' id='word_1_137' title='bbox 411 1885 482 1941; x_wconf 91' lang='lat' dir='ltr'><strong>haec</strong></span> <span class='ocrx_word' id='word_1_138' title='bbox 504 1917 545 1925; x_wconf 94' lang='lat'><strong>-—</strong></span> <span class='ocrx_word' id='word_1_139' title='bbox 568 1883 679 1940; x_wconf 91' lang='lat' dir='ltr'><strong>luctum</strong></span> <span class='ocrx_word' id='word_1_140' title='bbox 702 1883 794 1942; x_wconf 83' lang='lat' dir='ltr'><strong>addit.</strong></span> <span class='ocrx_word' id='word_1_141' title='bbox 839 1881 901 1945; x_wconf 90' lang='grc'><strong>498</strong></span> <span class='ocrx_word' id='word_1_142' title='bbox 924 1893 1041 1963; x_wconf 86' lang='lat' dir='ltr'><strong>praesto</strong></span> <span class='ocrx_word' id='word_1_143' title='bbox 1065 1886 1153 1944; x_wconf 90' lang='lat' dir='ltr'><strong>etiam</strong></span> <span class='ocrx_word' id='word_1_144' title='bbox 1176 1884 1286 1943; x_wconf 85' lang='lat' dir='ltr'><strong>adsum.</strong></span> 
     </span>
    </p>
   </div>
   <div class='ocr_carea' id='block_1_4' title="bbox 128 1980 1288 2577">
    <p class='ocr_par' dir='ltr' id='par_1_4' title="bbox 128 1980 1288 2577">
     <span class='ocr_line' id='line_1_16' title="bbox 130 1980 1286 2066; baseline -0.002 -19"><span class='ocrx_word' id='word_1_145' title='bbox 130 1982 251 2066; x_wconf 76' lang='lat' dir='ltr'><strong>Turpll.</strong></span> <span class='ocrx_word' id='word_1_146' title='bbox 274 1983 324 2046; x_wconf 85' lang='lat'><strong>35.</strong></span> <span class='ocrx_word' id='word_1_147' title='bbox 350 1981 419 2045; x_wconf 91' lang='grc'>127.</span> <span class='ocrx_word' id='word_1_148' title='bbox 445 1982 769 2044; x_wconf 75' lang='grc'>1701101111111111611111.</span> <span class='ocrx_word' id='word_1_149' title='bbox 809 1983 878 2046; x_wconf 92' lang='grc'>176.</span> <span class='ocrx_word' id='word_1_150' title='bbox 910 1980 1073 2047; x_wconf 69' lang='grc'>23111140.</span> <span class='ocrx_word' id='word_1_151' title='bbox 1090 1984 1139 2047; x_wconf 91' lang='grc'><strong>71.</strong></span> <span class='ocrx_word' id='word_1_152' title='bbox 1170 1980 1286 2046; x_wconf 81' lang='lat' dir='ltr'><strong>Afran.</strong></span> 
     </span>
     <span class='ocr_line' id='line_1_17' title="bbox 129 2079 1287 2166; baseline -0.004 -15"><span class='ocrx_word' id='word_1_153' title='bbox 129 2088 180 2151; x_wconf 96' lang='grc'><strong>28.</strong></span> <span class='ocrx_word' id='word_1_154' title='bbox 214 2087 284 2149; x_wconf 90' lang='grc'><strong>154.</strong></span> <span class='ocrx_word' id='word_1_155' title='bbox 316 2085 388 2146; x_wconf 93' lang='grc'>200.</span> <span class='ocrx_word' id='word_1_156' title='bbox 432 2079 512 2145; x_wconf 87' lang='lat' dir='ltr'><strong>Nov.</strong></span> <span class='ocrx_word' id='word_1_157' title='bbox 541 2083 569 2145; x_wconf 87' lang='lat'><strong>3.</strong></span> <span class='ocrx_word' id='word_1_158' title='bbox 613 2081 706 2147; x_wconf 92' lang='lat' dir='ltr'><strong>Publ.</strong></span> <span class='ocrx_word' id='word_1_159' title='bbox 739 2079 809 2166; x_wconf 77' lang='lat' dir='ltr'><strong>Syr.</strong></span> <span class='ocrx_word' id='word_1_160' title='bbox 842 2086 869 2148; x_wconf 94' lang='grc'><strong>7.</strong></span> <span class='ocrx_word' id='word_1_161' title='bbox 913 2083 1030 2150; x_wconf 71' lang='lat' dir='ltr'><strong>Labor.</strong></span> <span class='ocrx_word' id='word_1_162' title='bbox 1059 2088 1078 2150; x_wconf 85' lang='lat'>3</span> <span class='ocrx_word' id='word_1_163' title='bbox 1110 2090 1200 2150; x_wconf 88' lang='lat' dir='ltr'><strong>etiam</strong></span> <span class='ocrx_word' id='word_1_164' title='bbox 1230 2089 1287 2146; x_wconf 88' lang='lat' dir='ltr'><strong>hic.</strong></span> 
     </span>
     <span class='ocr_line' id='line_1_18' title="bbox 128 2182 1286 2268; baseline -0.003 -15"><span class='ocrx_word' id='word_1_165' title='bbox 128 2188 243 2253; x_wconf 83' lang='lat' dir='ltr'><strong>Afran.</strong></span> <span class='ocrx_word' id='word_1_166' title='bbox 258 2186 322 2250; x_wconf 89' lang='grc'><strong>424</strong></span> <span class='ocrx_word' id='word_1_167' title='bbox 336 2189 436 2248; x_wconf 88' lang='lat' dir='ltr'><strong>Etiam</strong></span> <span class='ocrx_word' id='word_1_168' title='bbox 458 2188 613 2265; x_wconf 86' lang='lat' dir='ltr'><strong>quicquam</strong></span> <span class='ocrx_word' id='word_1_169' title='bbox 636 2189 743 2263; x_wconf 83' lang='lat' dir='ltr'><strong>egisti?</strong></span> <span class='ocrx_word' id='word_1_170' title='bbox 775 2182 845 2268; x_wconf 82' lang='lat' dir='ltr'><strong>Syr.</strong></span> <span class='ocrx_word' id='word_1_171' title='bbox 869 2193 946 2252; x_wconf 84' lang='lat' dir='ltr'><strong>sent.</strong></span> <span class='ocrx_word' id='word_1_172' title='bbox 971 2190 1020 2253; x_wconf 93' lang='grc'><strong>59.</strong></span> <span class='ocrx_word' id='word_1_173' title='bbox 1046 2189 1094 2252; x_wconf 91' lang='grc'><strong>72.</strong></span> <span class='ocrx_word' id='word_1_174' title='bbox 1121 2189 1190 2251; x_wconf 91' lang='grc'>129.</span> <span class='ocrx_word' id='word_1_175' title='bbox 1217 2188 1286 2250; x_wconf 92' lang='grc'>138.</span> 
     </span>
     <span class='ocr_line' id='line_1_19' title="bbox 132 2286 1287 2355; baseline -0.003 0"><span class='ocrx_word' id='word_1_176' title='bbox 132 2292 202 2355; x_wconf 95' lang='grc'>139.</span> <span class='ocrx_word' id='word_1_177' title='bbox 233 2291 303 2354; x_wconf 94' lang='grc'>140.</span> <span class='ocrx_word' id='word_1_178' title='bbox 334 2289 403 2351; x_wconf 93' lang='grc'>141.</span> <span class='ocrx_word' id='word_1_179' title='bbox 434 2287 504 2349; x_wconf 92' lang='grc'>142.</span> <span class='ocrx_word' id='word_1_180' title='bbox 534 2286 603 2348; x_wconf 87' lang='grc'>143.</span> <span class='ocrx_word' id='word_1_181' title='bbox 633 2287 703 2350; x_wconf 85' lang='grc'>144.</span> <span class='ocrx_word' id='word_1_182' title='bbox 733 2288 803 2351; x_wconf 93' lang='grc'>155.</span> <span class='ocrx_word' id='word_1_183' title='bbox 835 2290 904 2353; x_wconf 90' lang='grc'>180.</span> <span class='ocrx_word' id='word_1_184' title='bbox 930 2292 999 2355; x_wconf 91' lang='grc'>190.</span> <span class='ocrx_word' id='word_1_185' title='bbox 1023 2291 1095 2354; x_wconf 91' lang='grc'>207.</span> <span class='ocrx_word' id='word_1_186' title='bbox 1119 2291 1191 2352; x_wconf 92' lang='grc'>210.</span> <span class='ocrx_word' id='word_1_187' title='bbox 1214 2289 1287 2352; x_wconf 90' lang='grc'>241.</span> 
     </span>
     <span class='ocr_line' id='line_1_20' title="bbox 131 2388 1287 2457; baseline -0.003 -1"><span class='ocrx_word' id='word_1_188' title='bbox 131 2393 204 2456; x_wconf 90' lang='grc'>250.</span> <span class='ocrx_word' id='word_1_189' title='bbox 232 2393 303 2456; x_wconf 87' lang='grc'>256.</span> <span class='ocrx_word' id='word_1_190' title='bbox 332 2391 404 2453; x_wconf 87' lang='grc'>279.</span> <span class='ocrx_word' id='word_1_191' title='bbox 432 2390 504 2452; x_wconf 92' lang='grc'>371.</span> <span class='ocrx_word' id='word_1_192' title='bbox 534 2388 604 2451; x_wconf 91' lang='grc'>379.</span> <span class='ocrx_word' id='word_1_193' title='bbox 633 2389 705 2452; x_wconf 90' lang='grc'>384.</span> <span class='ocrx_word' id='word_1_194' title='bbox 735 2391 806 2454; x_wconf 90' lang='grc'>388.</span> <span class='ocrx_word' id='word_1_195' title='bbox 835 2392 906 2455; x_wconf 90' lang='grc'>474.</span> <span class='ocrx_word' id='word_1_196' title='bbox 930 2392 1001 2457; x_wconf 89' lang='grc'><strong>566.</strong></span> <span class='ocrx_word' id='word_1_197' title='bbox 1026 2394 1097 2457; x_wconf 90' lang='grc'>584.</span> <span class='ocrx_word' id='word_1_198' title='bbox 1121 2392 1192 2456; x_wconf 86' lang='grc'>585.</span> <span class='ocrx_word' id='word_1_199' title='bbox 1216 2391 1287 2454; x_wconf 91' lang='grc'>627.</span> 
     </span>
     <span class='ocr_line' id='line_1_21' title="bbox 133 2489 1288 2577; baseline -0.003 -19"><span class='ocrx_word' id='word_1_200' title='bbox 133 2495 205 2558; x_wconf 88' lang='grc'>719.</span> <span class='ocrx_word' id='word_1_201' title='bbox 227 2494 299 2557; x_wconf 84' lang='grc'>836.</span> <span class='ocrx_word' id='word_1_202' title='bbox 322 2531 363 2539; x_wconf 89' lang='grc'><strong>-</strong></span> <span class='ocrx_word' id='word_1_203' title='bbox 386 2510 502 2577; x_wconf 78' lang='lat' dir='ltr'><strong>quoqne</strong></span> <span class='ocrx_word' id='word_1_204' title='bbox 528 2509 591 2554; x_wconf 90' lang='lat' dir='ltr'><strong>uno</strong></span> <span class='ocrx_word' id='word_1_205' title='bbox 618 2489 691 2556; x_wconf 92' lang='lat' dir='ltr'><strong>loco</strong></span> <span class='ocrx_word' id='word_1_206' title='bbox 718 2490 877 2556; x_wconf 85' lang='lat' dir='ltr'><strong>invenitur</strong></span> <span class='ocrx_word' id='word_1_207' title='bbox 903 2492 980 2558; x_wconf 86' lang='lat' dir='ltr'><strong>Pac.</strong></span> <span class='ocrx_word' id='word_1_208' title='bbox 1004 2496 1066 2559; x_wconf 81' lang='grc'><strong>269</strong></span> <span class='ocrx_word' id='word_1_209' title='bbox 1094 2499 1140 2557; x_wconf 82' lang='lat' dir='ltr'><strong>Tu</strong></span> <span class='ocrx_word' id='word_1_210' title='bbox 1167 2517 1288 2575; x_wconf 87' lang='lat' dir='ltr'><strong>quoque.</strong></span> 
     </span>
    </p>
   </div>
   <div class='ocr_carea' id='block_1_5' title="bbox 220 2624 1429 2712">
    <p class='ocr_par' dir='ltr' id='par_1_5' title="bbox 220 2624 1429 2712">
     <span class='ocr_line' id='line_1_22' title="bbox 220 2624 1429 2712; baseline -0.004 -18"><span class='ocrx_word' id='word_1_211' title='bbox 220 2631 269 2694; x_wconf 96' lang='grc'><strong>66.</strong></span> <span class='ocrx_word' id='word_1_212' title='bbox 306 2625 555 2693; x_wconf 69' lang='lat' dir='ltr'><strong>coniunctiones</strong></span> <span class='ocrx_word' id='word_1_213' title='bbox 577 2624 804 2692; x_wconf 74' lang='lat' dir='ltr'><strong>adversativae.</strong></span> <span class='ocrx_word' id='word_1_214' title='bbox 834 2627 911 2694; x_wconf 89' lang='lat' dir='ltr'><strong>Pac.</strong></span> <span class='ocrx_word' id='word_1_215' title='bbox 935 2631 996 2693; x_wconf 88' lang='grc'><strong>372</strong></span> <span class='ocrx_word' id='word_1_216' title='bbox 1020 2650 1066 2712; x_wconf 86' lang='lat' dir='ltr'><strong>sq.</strong></span> <span class='ocrx_word' id='word_1_217' title='bbox 1089 2634 1220 2694; x_wconf 86' lang='lat' dir='ltr'><strong>Sunt-</strong></span> <span class='ocrx_word' id='word_1_218' title='bbox 1236 2632 1289 2691; x_wconf 82' lang='lat' dir='ltr'><strong>alii</strong></span> <span class='ocrx_word' id='word_1_219' title='bbox 1421 2662 1429 2671; x_wconf 93' lang='lat'>·</span> 
     </span>
    </p>
   </div>
   <div class='ocr_carea' id='block_1_6' title="bbox 132 2732 1294 4344">
    <p class='ocr_par' dir='ltr' id='par_1_6' title="bbox 132 2732 1294 4344">
     <span class='ocr_line' id='line_1_23' title="bbox 132 2732 1289 2817; baseline -0.003 -20"><span class='ocrx_word' id='word_1_220' title='bbox 132 2736 313 2817; x_wconf 86' lang='lat' dir='ltr'><strong>philosophi,</strong></span> <span class='ocrx_word' id='word_1_221' title='bbox 345 2734 396 2810; x_wconf 93' lang='lat' dir='ltr'><strong>qui</strong></span> <span class='ocrx_word' id='word_1_222' title='bbox 417 2732 578 2791; x_wconf 77' lang='lat' dir='ltr'><strong>Fortunam</strong></span> <span class='ocrx_word' id='word_1_223' title='bbox 605 2740 714 2808; x_wconf 93' lang='lat' dir='ltr'><strong>negant</strong></span> <span class='ocrx_word' id='word_1_224' title='bbox 737 2733 808 2793; x_wconf 85' lang='lat' dir='ltr'><strong>Esse</strong></span> <span class='ocrx_word' id='word_1_225' title='bbox 835 2736 938 2810; x_wconf 87' lang='lat' dir='ltr'><strong>ullam,</strong></span> <span class='ocrx_word' id='word_1_226' title='bbox 970 2737 1021 2795; x_wconf 88' lang='lat' dir='ltr'><strong>sed</strong></span> <span class='ocrx_word' id='word_1_227' title='bbox 1048 2736 1215 2795; x_wconf 83' lang='lat' dir='ltr'><strong>temeritate</strong></span> <span class='ocrx_word' id='word_1_228' title='bbox 1243 2754 1289 2793; x_wconf 90' lang='lat' dir='ltr'><strong>res</strong></span> 
     </span>
     <span class='ocr_line' id='line_1_24' title="bbox 132 2828 1290 2915; baseline -0.003 -17"><span class='ocrx_word' id='word_1_229' title='bbox 132 2840 198 2915; x_wconf 91' lang='lat' dir='ltr'><strong>regi</strong></span> <span class='ocrx_word' id='word_1_230' title='bbox 228 2838 322 2897; x_wconf 90' lang='lat' dir='ltr'><strong>onmis</strong></span> <span class='ocrx_word' id='word_1_231' title='bbox 352 2840 515 2892; x_wconf 85' lang='lat' dir='ltr'><strong>autumant.</strong></span> <span class='ocrx_word' id='word_1_232' title='bbox 561 2828 675 2913; x_wconf 86' lang='lat' dir='ltr'><strong>Pomp.</strong></span> <span class='ocrx_word' id='word_1_233' title='bbox 702 2829 784 2896; x_wconf 85' lang='lat' dir='ltr'><strong>Bon.</strong></span> <span class='ocrx_word' id='word_1_234' title='bbox 813 2834 854 2897; x_wconf 91' lang='grc'><strong>39</strong></span> <span class='ocrx_word' id='word_1_235' title='bbox 885 2859 944 2897; x_wconf 92' lang='lat' dir='ltr'><strong>non</strong></span> <span class='ocrx_word' id='word_1_236' title='bbox 974 2838 1061 2897; x_wconf 93' lang='lat' dir='ltr'><strong>multi</strong></span> <span class='ocrx_word' id='word_1_237' title='bbox 1091 2838 1207 2912; x_wconf 88' lang='lat' dir='ltr'><strong>temeti,</strong></span> <span class='ocrx_word' id='word_1_238' title='bbox 1239 2837 1290 2895; x_wconf 90' lang='lat' dir='ltr'><strong>sed</strong></span> 
     </span>
     <span class='ocr_line' id='line_1_25' title="bbox 132 2930 1290 3021; baseline -0.003 -21"><span class='ocrx_word' id='word_1_239' title='bbox 132 2941 262 3021; x_wconf 90' lang='lat' dir='ltr'><strong>plurimi.</strong></span> <span class='ocrx_word' id='word_1_240' title='bbox 310 2934 370 2998; x_wconf 89' lang='lat' dir='ltr'><strong>inc.</strong></span> <span class='ocrx_word' id='word_1_241' title='bbox 396 2930 458 2995; x_wconf 89' lang='lat' dir='ltr'><strong>inc.</strong></span> <span class='ocrx_word' id='word_1_242' title='bbox 485 2937 565 3014; x_wconf 81' lang='lat' dir='ltr'><strong>trag.</strong></span> <span class='ocrx_word' id='word_1_243' title='bbox 595 2933 658 2996; x_wconf 88' lang='grc'>254</span> <span class='ocrx_word' id='word_1_244' title='bbox 689 2938 762 2997; x_wconf 89' lang='lat' dir='ltr'><strong>Pars</strong></span> <span class='ocrx_word' id='word_1_245' title='bbox 793 2940 927 3000; x_wconf 84' lang='lat' dir='ltr'><strong>difflatur</strong></span> <span class='ocrx_word' id='word_1_246' title='bbox 956 2949 1058 3015; x_wconf 88' lang='lat' dir='ltr'><strong>vento,</strong></span> <span class='ocrx_word' id='word_1_247' title='bbox 1088 2961 1157 3019; x_wconf 90' lang='lat' dir='ltr'><strong>pars</strong></span> <span class='ocrx_word' id='word_1_248' title='bbox 1189 2941 1290 2998; x_wconf 78' lang='lat' dir='ltr'><strong>autem</strong></span> 
     </span>
     <span class='ocr_line' id='line_1_26' title="bbox 133 3030 1290 3120; baseline -0.005 -16"><span class='ocrx_word' id='word_1_249' title='bbox 133 3043 293 3120; x_wconf 82' lang='lat' dir='ltr'><strong>obrigescit</strong></span> <span class='ocrx_word' id='word_1_250' title='bbox 322 3040 440 3115; x_wconf 84' lang='lat' dir='ltr'><strong>frigore.</strong></span> <span class='ocrx_word' id='word_1_251' title='bbox 485 3030 606 3115; x_wconf 77' lang='lat' dir='ltr'><strong>Turpil.</strong></span> <span class='ocrx_word' id='word_1_252' title='bbox 638 3037 696 3099; x_wconf 95' lang='grc'><strong>101</strong></span> <span class='ocrx_word' id='word_1_253' title='bbox 730 3041 786 3099; x_wconf 90' lang='lat' dir='ltr'><strong>Ille</strong></span> <span class='ocrx_word' id='word_1_254' title='bbox 817 3043 946 3102; x_wconf 87' lang='lat' dir='ltr'><strong>insolens</strong></span> <span class='ocrx_word' id='word_1_255' title='bbox 978 3046 1078 3101; x_wconf 70' lang='lat' dir='ltr'><strong>oratam</strong></span> <span class='ocrx_word' id='word_1_256' title='bbox 1108 3049 1143 3101; x_wconf 91' lang='lat' dir='ltr'><strong>ut</strong></span> <span class='ocrx_word' id='word_1_257' title='bbox 1173 3041 1290 3102; x_wconf 87' lang='lat' dir='ltr'><strong>fastidit</strong></span> 
     </span>
     <span class='ocr_line' id='line_1_27' title="bbox 133 3132 1289 3221; baseline -0.005 -14"><span class='ocrx_word' id='word_1_258' title='bbox 133 3146 276 3207; x_wconf 84' lang='lat' dir='ltr'><strong>carnifex!</strong></span> <span class='ocrx_word' id='word_1_259' title='bbox 295 3178 334 3187; x_wconf 92' lang='lat'>—</span> <span class='ocrx_word' id='word_1_260' title='bbox 350 3143 383 3198; x_wconf 80' lang='lat' dir='ltr'><strong>at</strong></span> <span class='ocrx_word' id='word_1_261' title='bbox 404 3133 465 3198; x_wconf 81' lang='lat' dir='ltr'><strong>inc.</strong></span> <span class='ocrx_word' id='word_1_262' title='bbox 488 3132 547 3197; x_wconf 80' lang='lat' dir='ltr'><strong>ine.</strong></span> <span class='ocrx_word' id='word_1_263' title='bbox 570 3139 652 3218; x_wconf 84' lang='lat' dir='ltr'><strong>trag.</strong></span> <span class='ocrx_word' id='word_1_264' title='bbox 678 3137 738 3200; x_wconf 94' lang='grc'><strong>162</strong></span> <span class='ocrx_word' id='word_1_265' title='bbox 761 3143 862 3201; x_wconf 86' lang='lat' dir='ltr'><strong>Miseri</strong></span> <span class='ocrx_word' id='word_1_266' title='bbox 884 3149 953 3202; x_wconf 89' lang='lat' dir='ltr'><strong>sunt</strong></span> <span class='ocrx_word' id='word_1_267' title='bbox 974 3145 1026 3221; x_wconf 92' lang='lat' dir='ltr'><strong>qui</strong></span> <span class='ocrx_word' id='word_1_268' title='bbox 1047 3164 1152 3203; x_wconf 88' lang='lat' dir='ltr'><strong>uxores</strong></span> <span class='ocrx_word' id='word_1_269' title='bbox 1172 3144 1289 3202; x_wconf 91' lang='lat' dir='ltr'><strong>ducunt.</strong></span> 
     </span>
     <span class='ocr_line' id='line_1_28' title="bbox 134 3236 1291 3323; baseline -0.004 -16"><span class='ocrx_word' id='word_1_270' title='bbox 134 3283 177 3293; x_wconf 93' lang='lat'>-</span> <span class='ocrx_word' id='word_1_271' title='bbox 199 3245 241 3307; x_wconf 78' lang='lat' dir='ltr'><strong>At</strong></span> <span class='ocrx_word' id='word_1_272' title='bbox 267 3252 302 3305; x_wconf 92' lang='lat' dir='ltr'><strong>tu</strong></span> <span class='ocrx_word' id='word_1_273' title='bbox 328 3241 440 3303; x_wconf 87' lang='lat' dir='ltr'><strong>duxisti</strong></span> <span class='ocrx_word' id='word_1_274' title='bbox 468 3240 597 3299; x_wconf 88' lang='lat' dir='ltr'><strong>alteram.</strong></span> <span class='ocrx_word' id='word_1_275' title='bbox 641 3236 725 3303; x_wconf 79' lang='lat' dir='ltr'><strong>Atta</strong></span> <span class='ocrx_word' id='word_1_276' title='bbox 747 3241 767 3303; x_wconf 95' lang='lat'>4</span> <span class='ocrx_word' id='word_1_277' title='bbox 795 3250 883 3322; x_wconf 92' lang='lat' dir='ltr'><strong>atque</strong></span> <span class='ocrx_word' id='word_1_278' title='bbox 909 3247 953 3305; x_wconf 92' lang='lat' dir='ltr'><strong>ita</strong></span> <span class='ocrx_word' id='word_1_279' title='bbox 979 3247 1168 3323; x_wconf 89' lang='lat' dir='ltr'><strong>muginantur</strong></span> <span class='ocrx_word' id='word_1_280' title='bbox 1194 3245 1291 3318; x_wconf 85' lang='lat' dir='ltr'><strong>hodie,</strong></span> 
     </span>
     <span class='ocr_line' id='line_1_29' title="bbox 135 3337 1290 3428; baseline -0.004 -18"><span class='ocrx_word' id='word_1_281' title='bbox 135 3353 169 3410; x_wconf 73' lang='lat' dir='ltr'><strong>at</strong></span> <span class='ocrx_word' id='word_1_282' title='bbox 192 3371 245 3428; x_wconf 89' lang='lat' dir='ltr'><strong>ego</strong></span> <span class='ocrx_word' id='word_1_283' title='bbox 268 3350 327 3408; x_wconf 90' lang='lat' dir='ltr'><strong>iem</strong></span> <span class='ocrx_word' id='word_1_284' title='bbox 349 3345 495 3405; x_wconf 89' lang='lat' dir='ltr'><strong>occlusero</strong></span> <span class='ocrx_word' id='word_1_285' title='bbox 517 3341 648 3402; x_wconf 86' lang='lat' dir='ltr'><strong>Fontem.</strong></span> <span class='ocrx_word' id='word_1_286' title='bbox 694 3337 764 3424; x_wconf 85' lang='lat' dir='ltr'><strong>Syr.</strong></span> <span class='ocrx_word' id='word_1_287' title='bbox 787 3348 865 3407; x_wconf 83' lang='lat' dir='ltr'><strong>sent.</strong></span> <span class='ocrx_word' id='word_1_288' title='bbox 890 3346 929 3407; x_wconf 95' lang='grc'><strong>77</strong></span> <span class='ocrx_word' id='word_1_289' title='bbox 953 3349 1062 3407; x_wconf 93' lang='lat' dir='ltr'><strong>bonum</strong></span> <span class='ocrx_word' id='word_1_290' title='bbox 1084 3349 1290 3426; x_wconf 89' lang='lat' dir='ltr'><strong>suppremitur‚</strong></span> 
     </span>
     <span class='ocr_line' id='line_1_30' title="bbox 135 3443 1291 3530; baseline -0.003 -19"><span class='ocrx_word' id='word_1_291' title='bbox 135 3455 169 3512; x_wconf 78' lang='lat' dir='ltr'><strong>at</strong></span> <span class='ocrx_word' id='word_1_292' title='bbox 195 3469 379 3530; x_wconf 85' lang='lat' dir='ltr'><strong>nequaquam</strong></span> <span class='ocrx_word' id='word_1_293' title='bbox 406 3444 597 3519; x_wconf 83' lang='lat' dir='ltr'><strong>extinguitur.</strong></span> <span class='ocrx_word' id='word_1_294' title='bbox 644 3443 705 3505; x_wconf 94' lang='grc'>148</span> <span class='ocrx_word' id='word_1_295' title='bbox 732 3450 862 3508; x_wconf 89' lang='lat' dir='ltr'><strong>exeritur</strong></span> <span class='ocrx_word' id='word_1_296' title='bbox 890 3472 977 3529; x_wconf 90' lang='lat' dir='ltr'><strong>opere</strong></span> <span class='ocrx_word' id='word_1_297' title='bbox 1003 3451 1149 3528; x_wconf 89' lang='lat' dir='ltr'><strong>nequitia,</strong></span> <span class='ocrx_word' id='word_1_298' title='bbox 1177 3451 1209 3508; x_wconf 78' lang='lat' dir='ltr'><strong>at</strong></span> <span class='ocrx_word' id='word_1_299' title='bbox 1232 3470 1291 3508; x_wconf 94' lang='lat' dir='ltr'><strong>non</strong></span> 
     </span>
     <span class='ocr_line' id='line_1_31' title="bbox 134 3538 1292 3633; baseline -0.004 -18"><span class='ocrx_word' id='word_1_300' title='bbox 134 3556 249 3633; x_wconf 90' lang='lat' dir='ltr'><strong>incipit.</strong></span> <span class='ocrx_word' id='word_1_301' title='bbox 279 3547 320 3613; x_wconf 92' lang='lat' dir='ltr'><strong>In</strong></span> <span class='ocrx_word' id='word_1_302' title='bbox 335 3540 468 3628; x_wconf 79' lang='lat' dir='ltr'><strong>epodosi</strong></span> <span class='ocrx_word' id='word_1_303' title='bbox 481 3538 562 3604; x_wconf 81' lang='lat' dir='ltr'><strong>Acc.</strong></span> <span class='ocrx_word' id='word_1_304' title='bbox 579 3543 641 3606; x_wconf 91' lang='grc'><strong>619</strong></span> <span class='ocrx_word' id='word_1_305' title='bbox 665 3564 710 3626; x_wconf 89' lang='lat' dir='ltr'><strong>sq.</strong></span> <span class='ocrx_word' id='word_1_306' title='bbox 733 3551 759 3608; x_wconf 88' lang='lat' dir='ltr'><strong>si</strong></span> <span class='ocrx_word' id='word_1_307' title='bbox 774 3585 816 3594; x_wconf 78' lang='lat'><em>-</em></span> <span class='ocrx_word' id='word_1_308' title='bbox 831 3573 953 3629; x_wconf 90' lang='lat' dir='ltr'><strong>regnum</strong></span> <span class='ocrx_word' id='word_1_309' title='bbox 967 3553 1099 3613; x_wconf 86' lang='lat' dir='ltr'><strong>Fortuna</strong></span> <span class='ocrx_word' id='word_1_310' title='bbox 1113 3586 1155 3596; x_wconf 89' lang='lat'><em>-</em></span> <span class='ocrx_word' id='word_1_311' title='bbox 1169 3553 1292 3630; x_wconf 80' lang='lat' dir='ltr'><strong>Eripere</strong></span> 
     </span>
     <span class='ocr_line' id='line_1_32' title="bbox 134 3647 1290 3736; baseline -0.003 -19"><span class='ocrx_word' id='word_1_312' title='bbox 134 3657 239 3736; x_wconf 83' lang='lat' dir='ltr'><strong>quivit,</strong></span> <span class='ocrx_word' id='word_1_313' title='bbox 263 3656 296 3713; x_wconf 80' lang='lat' dir='ltr'><strong>at</strong></span> <span class='ocrx_word' id='word_1_314' title='bbox 318 3654 458 3714; x_wconf 81' lang='lat' dir='ltr'><strong>virtutem</strong></span> <span class='ocrx_word' id='word_1_315' title='bbox 480 3666 534 3704; x_wconf 92' lang='lat' dir='ltr'><strong>nec</strong></span> <span class='ocrx_word' id='word_1_316' title='bbox 555 3647 640 3723; x_wconf 92' lang='lat' dir='ltr'><strong>quiit.</strong></span> <span class='ocrx_word' id='word_1_317' title='bbox 662 3683 704 3693; x_wconf 92' lang='lat'><em>-</em></span> <span class='ocrx_word' id='word_1_318' title='bbox 727 3654 775 3709; x_wconf 68' lang='lat' dir='ltr'><strong>aad</strong></span> <span class='ocrx_word' id='word_1_319' title='bbox 797 3649 876 3714; x_wconf 79' lang='lat' dir='ltr'><strong>Aca.</strong></span> <span class='ocrx_word' id='word_1_320' title='bbox 899 3652 972 3714; x_wconf 93' lang='grc'>260.</span> <span class='ocrx_word' id='word_1_321' title='bbox 1003 3673 1104 3714; x_wconf 68' lang='lat' dir='ltr'><strong>ererum</strong></span> <span class='ocrx_word' id='word_1_322' title='bbox 1127 3649 1247 3732; x_wconf 81' lang='lat' dir='ltr'><strong>Turpil.</strong></span> <span class='ocrx_word' id='word_1_323' title='bbox 1271 3651 1290 3714; x_wconf 90' lang='grc'>9</span> 
     </span>
     <span class='ocr_line' id='line_1_33' title="bbox 135 3749 1291 3834; baseline -0.004 -15"><span class='ocrx_word' id='word_1_324' title='bbox 135 3760 185 3819; x_wconf 92' lang='lat' dir='ltr'><strong>Ita</strong></span> <span class='ocrx_word' id='word_1_325' title='bbox 211 3774 313 3816; x_wconf 71' lang='lat' dir='ltr'><strong>verram</strong></span> <span class='ocrx_word' id='word_1_326' title='bbox 340 3755 413 3813; x_wconf 87' lang='lat' dir='ltr'><strong>haut</strong></span> <span class='ocrx_word' id='word_1_327' title='bbox 440 3749 556 3807; x_wconf 85' lang='lat' dir='ltr'><strong>facilest</strong></span> <span class='ocrx_word' id='word_1_328' title='bbox 581 3751 682 3810; x_wconf 86' lang='lat' dir='ltr'><strong>venire</strong></span> <span class='ocrx_word' id='word_1_329' title='bbox 709 3753 756 3811; x_wconf 92' lang='lat' dir='ltr'><strong>illi</strong></span> <span class='ocrx_word' id='word_1_330' title='bbox 782 3757 835 3814; x_wconf 91' lang='lat' dir='ltr'><strong>ubi</strong></span> <span class='ocrx_word' id='word_1_331' title='bbox 861 3757 949 3816; x_wconf 88' lang='lat' dir='ltr'><strong>sitast</strong></span> <span class='ocrx_word' id='word_1_332' title='bbox 974 3756 1128 3834; x_wconf 86' lang='lat' dir='ltr'><strong>sapientia.</strong></span> <span class='ocrx_word' id='word_1_333' title='bbox 1176 3750 1291 3833; x_wconf 91' lang='lat' dir='ltr'><strong>Pomp.</strong></span> 
     </span>
     <span class='ocr_line' id='line_1_34' title="bbox 134 3848 1292 3936; baseline -0.004 -13"><span class='ocrx_word' id='word_1_334' title='bbox 134 3855 218 3923; x_wconf 90' lang='lat' dir='ltr'><strong>Bon.</strong></span> <span class='ocrx_word' id='word_1_335' title='bbox 243 3858 291 3920; x_wconf 93' lang='grc'><strong>76.</strong></span> <span class='ocrx_word' id='word_1_336' title='bbox 337 3849 433 3917; x_wconf 78' lang='lat' dir='ltr'><strong>Titio.</strong></span> <span class='ocrx_word' id='word_1_337' title='bbox 458 3848 498 3910; x_wconf 95' lang='grc'>70</span> <span class='ocrx_word' id='word_1_338' title='bbox 526 3870 627 3908; x_wconf 89' lang='lat' dir='ltr'><strong>verum</strong></span> <span class='ocrx_word' id='word_1_339' title='bbox 655 3855 740 3914; x_wconf 91' lang='lat' dir='ltr'><strong>enim.</strong></span> <span class='ocrx_word' id='word_1_340' title='bbox 763 3891 804 3898; x_wconf 92' lang='lat'>—</span> <span class='ocrx_word' id='word_1_341' title='bbox 828 3860 927 3916; x_wconf 78' lang='lat' dir='ltr'><strong>tomen</strong></span> <span class='ocrx_word' id='word_1_342' title='bbox 949 3853 1029 3918; x_wconf 78' lang='lat' dir='ltr'><strong>Ace.</strong></span> <span class='ocrx_word' id='word_1_343' title='bbox 1053 3854 1124 3917; x_wconf 87' lang='lat'><strong>330.</strong></span> <span class='ocrx_word' id='word_1_344' title='bbox 1170 3851 1292 3936; x_wconf 77' lang='lat' dir='ltr'><strong>Turpil.</strong></span> 
     </span>
     <span class='ocr_line' id='line_1_35' title="bbox 139 3947 1292 4025; baseline -0.006 0"><span class='ocrx_word' id='word_1_345' title='bbox 139 3960 209 4025; x_wconf 91' lang='grc'>159.</span> <span class='ocrx_word' id='word_1_346' title='bbox 252 3957 332 4022; x_wconf 80' lang='lat' dir='ltr'><strong>Aac.</strong></span> <span class='ocrx_word' id='word_1_347' title='bbox 362 3956 411 4018; x_wconf 94' lang='grc'><strong>88.</strong></span> <span class='ocrx_word' id='word_1_348' title='bbox 456 3947 533 4012; x_wconf 82' lang='lat' dir='ltr'><strong>Pac.</strong></span> <span class='ocrx_word' id='word_1_349' title='bbox 565 3947 621 4010; x_wconf 87' lang='lat'><strong>101</strong></span> <span class='ocrx_word' id='word_1_350' title='bbox 652 3955 752 4015; x_wconf 88' lang='lat' dir='ltr'><strong>inveni</strong></span> <span class='ocrx_word' id='word_1_351' title='bbox 779 3993 819 4001; x_wconf 90' lang='lat'>—</span> <span class='ocrx_word' id='word_1_352' title='bbox 850 3960 966 4019; x_wconf 91' lang='lat' dir='ltr'><strong>Orestes</strong></span> <span class='ocrx_word' id='word_1_353' title='bbox 992 3966 1059 4018; x_wconf 88' lang='lat' dir='ltr'><strong>uter</strong></span> <span class='ocrx_word' id='word_1_354' title='bbox 1085 3966 1162 4018; x_wconf 90' lang='lat' dir='ltr'><strong>esset</strong></span> <span class='ocrx_word' id='word_1_355' title='bbox 1187 3966 1292 4019; x_wconf 88' lang='lat' dir='ltr'><strong>tamen.</strong></span> 
     </span>
     <span class='ocr_line' id='line_1_36' title="bbox 135 4047 1294 4140; baseline -0.007 -13"><span class='ocrx_word' id='word_1_356' title='bbox 135 4063 208 4126; x_wconf 90' lang='grc'>293.</span> <span class='ocrx_word' id='word_1_357' title='bbox 245 4058 359 4124; x_wconf 81' lang='lat' dir='ltr'><strong>Afran.</strong></span> <span class='ocrx_word' id='word_1_358' title='bbox 383 4057 455 4119; x_wconf 88' lang='grc'>319.</span> <span class='ocrx_word' id='word_1_359' title='bbox 479 4049 551 4114; x_wconf 81' lang='grc'>340.</span> <span class='ocrx_word' id='word_1_360' title='bbox 595 4047 677 4116; x_wconf 77' lang='lat' dir='ltr'><strong>Nor.</strong></span> <span class='ocrx_word' id='word_1_361' title='bbox 701 4056 741 4118; x_wconf 88' lang='lat'><strong>43</strong></span> <span class='ocrx_word' id='word_1_362' title='bbox 765 4060 840 4131; x_wconf 80' lang='lat' dir='ltr'><strong>Quia</strong></span> <span class='ocrx_word' id='word_1_363' title='bbox 861 4063 993 4140; x_wconf 86' lang='lat' dir='ltr'><strong>supellex</strong></span> <span class='ocrx_word' id='word_1_364' title='bbox 1014 4063 1117 4135; x_wconf 90' lang='lat' dir='ltr'><strong>multa,</strong></span> <span class='ocrx_word' id='word_1_365' title='bbox 1139 4083 1213 4139; x_wconf 91' lang='lat' dir='ltr'><strong>quae</strong></span> <span class='ocrx_word' id='word_1_366' title='bbox 1234 4082 1294 4120; x_wconf 92' lang='lat' dir='ltr'><strong>non</strong></span> 
     </span>
     <span class='ocr_line' id='line_1_37' title="bbox 135 4145 1292 4241; baseline -0.004 -16"><span class='ocrx_word' id='word_1_367' title='bbox 135 4168 239 4241; x_wconf 87' lang='lat' dir='ltr'><strong>utitur,</strong></span> <span class='ocrx_word' id='word_1_368' title='bbox 263 4166 370 4225; x_wconf 92' lang='lat' dir='ltr'><strong>emitur</strong></span> <span class='ocrx_word' id='word_1_369' title='bbox 392 4169 496 4223; x_wconf 86' lang='lat' dir='ltr'><strong>tamen.</strong></span> <span class='ocrx_word' id='word_1_370' title='bbox 534 4145 610 4214; x_wconf 68' lang='lat' dir='ltr'><strong>Pto.</strong></span> <span class='ocrx_word' id='word_1_371' title='bbox 634 4156 674 4220; x_wconf 88' lang='lat'><strong>46</strong></span> <span class='ocrx_word' id='word_1_372' title='bbox 700 4161 834 4241; x_wconf 80' lang='lat' dir='ltr'><strong>[Tamen]</strong></span> <span class='ocrx_word' id='word_1_373' title='bbox 858 4165 922 4222; x_wconf 91' lang='lat' dir='ltr'><strong>etsi.</strong></span> <span class='ocrx_word' id='word_1_374' title='bbox 959 4158 1054 4225; x_wconf 76' lang='lat' dir='ltr'><strong>Titin.</strong></span> <span class='ocrx_word' id='word_1_375' title='bbox 1081 4162 1140 4224; x_wconf 91' lang='grc'><strong>119</strong></span> <span class='ocrx_word' id='word_1_376' title='bbox 1163 4163 1229 4222; x_wconf 85' lang='lat' dir='ltr'><strong>Etsi</strong></span> <span class='ocrx_word' id='word_1_377' title='bbox 1251 4196 1292 4205; x_wconf 93' lang='lat'><em>-</em></span> 
     </span>
     <span class='ocr_line' id='line_1_38' title="bbox 134 4257 1292 4344; baseline -0.005 -15"><span class='ocrx_word' id='word_1_378' title='bbox 134 4275 233 4329; x_wconf 85' lang='lat' dir='ltr'><strong>tamen</strong></span> <span class='ocrx_word' id='word_1_379' title='bbox 253 4295 285 4319; x_wconf 95' lang='lat'>=</span> <span class='ocrx_word' id='word_1_380' title='bbox 307 4262 384 4327; x_wconf 88' lang='lat' dir='ltr'><strong>Pac.</strong></span> <span class='ocrx_word' id='word_1_381' title='bbox 407 4263 469 4326; x_wconf 82' lang='lat'><strong>206</strong></span> <span class='ocrx_word' id='word_1_382' title='bbox 490 4293 521 4317; x_wconf 94' lang='lat'>=</span> <span class='ocrx_word' id='word_1_383' title='bbox 543 4262 623 4328; x_wconf 86' lang='lat' dir='ltr'><strong>Aoo.</strong></span> <span class='ocrx_word' id='word_1_384' title='bbox 646 4264 709 4327; x_wconf 91' lang='grc'><strong>234</strong></span> <span class='ocrx_word' id='word_1_385' title='bbox 730 4292 761 4316; x_wconf 95' lang='lat'><em>=</em></span> <span class='ocrx_word' id='word_1_386' title='bbox 782 4257 852 4344; x_wconf 79' lang='lat' dir='ltr'><strong>Syr.</strong></span> <span class='ocrx_word' id='word_1_387' title='bbox 875 4268 954 4326; x_wconf 90' lang='lat' dir='ltr'><strong>sent.</strong></span> <span class='ocrx_word' id='word_1_388' title='bbox 978 4265 1049 4326; x_wconf 88' lang='grc'>634.</span> <span class='ocrx_word' id='word_1_389' title='bbox 1093 4260 1206 4325; x_wconf 83' lang='lat' dir='ltr'><strong>Afran.</strong></span> <span class='ocrx_word' id='word_1_390' title='bbox 1231 4261 1292 4323; x_wconf 91' lang='grc'><strong>124</strong></span> 
     </span>
    </p>
   </div>
   <div class='ocr_carea' id='block_1_7' title="bbox 0 0 1539 4950">
    <p class='ocr_par' dir='ltr' id='par_1_7' title="bbox 0 0 1539 4950">
     <span class='ocr_line' id='line_1_39' title="bbox 0 0 1539 4950; baseline 0 0"><span class='ocrx_word' id='word_1_391' title='bbox 0 0 1539 4950; x_wconf 95' lang='lat' dir='ltr'><strong> </strong></span> 
     </span>
    </p>
   </div>
  </div>
 </body>
</html>
