3038 4950
648 304 860 366 „48-

268 475 339 536 Cam
369 473 547 557 temporale
570 495 643 538 cum
664 472 726 537 ind.
750 471 960 539 coniunctum.
992 470 1069 536 Pac.
1094 474 1134 535 65
1158 496 1222 534 cum
1244 476 1336 533 inter-

175 586 295 639 ventum
323 586 374 640 est.
419 575 540 658 Turpil.
564 578 627 640 214
658 580 743 657 quasi
770 601 835 638 cum
861 584 966 638 ventus
994 578 1051 636 fert
1073 578 1173 637 navim
1194 578 1226 636 in
1248 597 1337 637 mare.

176 677 244 743 Ine.
266 678 327 742 inc.
350 683 431 760 trag.
455 681 496 743 85
524 704 588 742 cum
615 683 712 758 genui.
756 680 797 742 86
826 703 889 740 cum
916 681 993 740 misi.
1041 678 1100 740 116
1124 680 1255 738 Eandem
1276 680 1336 739 vir·

176 790 270 843 111011
291 818 333 827 -
355 786 454 844 veniet
475 790 589 861 tempus
612 806 677 843 0111
698 785 829 860 graviter
850 804 955 859 gemes.
990 781 1050 843 186
1074 784 1146 842 (lum
1168 788 1198 840 te
1221 788 1337 859 expete·

175 888 255 946 bant.
300 882 414 964 Pomp.
436 880 518 950 Bon.
542 885 582 946 55
605 888 742 945 Decimus
764 887 871 944 mensis
894 892 951 959 est,
980 905 1045 943 0111
1067 886 1176 944 factum
1198 891 1250 943 est.
1296 883 1336 945 'll

176 990 247 1048 Dies
268 990 316 1048 hic
338 994 459 1063 sextust,
482 1011 546 1049 cum
560 990 636 1048 nihil
659 990 715 1065 egi.
747 983 831 1049 (lum
852 983 1053 1049 coniunctivo
1077 981 1190 1047 Afran.
1215 985 1278 1047 233
1302 988 1338 1047 Ι1

177 1092 276 1151 Gallia
302 1093 402 1151 ambos
429 1113 494 1150 cum
521 1113 653 1151 emerem.
697 1085 814 1151 Laber.
838 1088 878 1150 59
906 1097 1007 1150 tantus
1035 1111 1099 1149 curn
1128 1096 1221 1149 staret
1241 1092 1337 1168 pluer.
1371 1160 1372 1164 η

175 1189 288 1254 Afran
312 1192 353 1254 50
376 1194 448 1252 Cum
470 1228 511 1236 -
534 1195 633 1270 patria
659 1195 800 1271 partisset
825 1195 910 1252 bona.
958 1190 1018 1253 152
1041 1214 1087 1251 me
1114 1213 1177 1251 cum
1196 1193 1338 1275 privares

57 1356 61 1362 ,
176 1297 241 1355 tui?
260 1292 353 1373 Quom
369 1291 496 1356 causale
512 1311 584 1355 cum
598 1291 770 1356 indicativo
786 1291 990 1356 coniunctum
1005 1297 1055 1356 est
1070 1290 1146 1355 Pac.
1164 1293 1225 1356 207
1244 1296 1337 1367 Quom

177 1432 218 1442 —
235 1400 360 1472 dement,
384 1394 525 1458 admixta
542 1400 651 1458 tamen
666 1386 897 1477 aliquantulum
921 1392 1152 1476 significatione
1174 1394 1337 1476 temporis.

263 1500 314 1561 51.
353 1492 580 1561 Coniunctivus
613 1518 641 1560 a.
673 1495 907 1561 condicionalis
948 1494 1025 1560 Pac.
1054 1498 1115 1560 391
1148 1501 1284 1560 Priamus
1312 1501 1337 1561 si

177 1605 299 1677 adesset,
323 1604 386 1680 ipse
409 1604 471 1661 eius
494 1605 763 1663 commiseresceret.
807 1599 886 1663 Aeo.
912 1600 951 1662 13
975 1619 1021 1680 sq.

241 1740 351 1811 Quodsi
374 1774 416 1782 -
438 1743 530 1798 stares
552 1761 663 1799 mecum
687 1746 739 1799 aut
760 1760 839 1797 meus
863 1739 918 1815 [te]
941 1745 1099 1799 maestaret
1121 1740 1213 1814 dolor,

241 1860 305 1918 Iam
328 1860 379 1918 diu
400 1860 576 1918 inflammari
598 1860 723 1918 Atridae
745 1860 830 1918 navis
851 1859 1003 1918 vidissent.

178 1990 256 2055 Aac.
281 1993 341 2055 561
373 1997 398 2054 01
425 1997 512 2075 inpar
539 2016 615 2055 esses
643 1998 715 2071 tibi,
747 2016 800 2072 ego
827 2017 903 2054 nunc
930 2015 988 2053 non
1015 2015 1105 2054 essem
1135 1996 1230 2054 miser.
1274 1994 1336 2056 613

177 2114 247 2176 sqq.
270 2099 367 2158 virum
388 2099 606 2157 memorabilem
622 2099 705 2158 Intui
719 2099 844 2171 viderer,
866 2098 898 2156 ni
911 2099 1037 2158 vestitus
1052 2102 1147 2157 taeter
1161 2131 1203 2141 —
1218 2100 1336 2176 praedi·

177 2206 283 2260 carent.
327 2195 396 2261 Ino.
423 2197 482 2260 ine.
510 2203 591 2280 trag.
615 2200 656 2262 58
680 2219 748 2281 sqq.
775 2203 807 2259 ni
829 2201 980 2260 Palamedi
1004 2201 1225 2279 —-‘prudentia
1246 2201 1338 2260 Istius

175 2309 331 2381 perspexet
353 2339 395 2347 -
417 2305 576 2377 audaciam,
600 2305 673 2363 Fide
696 2309 827 2364 sacratae
849 2303 894 2362 ius
917 2336 959 2347 -
982 2304 1106 2362 falleret.
1150 2297 1269 2381 Turpil
1296 2301 1337 2362 16

176 2416 298 2481 possem.
343 2400 424 2465 Pall.
447 2401 507 2465 inc.
530 2402 590 2465 inc.
614 2404 653 2466 51
679 2406 810 2466 simne
835 2405 933 2463 redire
955 2411 1054 2483 posset
1077 2439 1118 2448 —
1140 2406 1183 2464 010
1205 2406 1337 2465 diceret?

176 2501 289 2566 Afran.
313 2505 375 2567 248
399 2524 467 2585 sqq.
493 2505 556 2567 254
583 2509 662 2585 quod
689 2509 715 2568 si
742 2509 873 2567 fecissem
899 2508 988 2585 paulo
1016 2508 1144 2585 saepius,
1175 2507 1337 2570 Didicissct

176 2611 259 2669 ferre.
304 2608 376 2670 308.
404 2608 466 2670 379
494 2627 540 2689 sq.
569 2611 601 2671 Si
628 2618 812 2690 possent-
837 2610 986 2670 haberent.
1030 2604 1143 2686 Pomp.
1166 2605 1248 2670 Bon.
1274 2607 1335 2671 123

176 2713 243 2789 plus
265 2715 380 2789 quaesti
402 2715 532 2787 facerem,
554 2735 641 2790 quarn
664 2714 822 2791 quadrinas
845 2713 870 2770 si
892 2713 1029 2771 haberem
1051 2713 1150 2771 molas.
1194 2707 1336 2773 110158

179 2815 205 2872 si
226 2822 450 2890 percantassem,
472 2815 582 2873 Malum
603 2816 658 2874 hoc
680 2837 725 2873 me
747 2816 943 2893 praeterisset.
990 2807 1059 2893 Syr.
1081 2814 1160 2874 sent.
1184 2812 1247 2875 428
1270 2815 1337 2892 quis

176 2916 314 2974 miserum
336 2917 431 2990 sciret,
454 2916 544 2976 verba
562 2919 620 2976 nisi
641 2919 763 2977 haberet
784 2917 888 2976 dolor?
920 2914 981 2976 715
1004 2917 1186 2995 quietissime
1201 2918 1335 2977 viverent

176 3017 315 3092 homines,
339 3019 364 3077 si
387 3019 444 3078 duo
468 3022 558 3079 verba
579 3023 725 3080 tollerent.
874 3099 877 3105 Ι

262 3114 292 3179 b.
324 3114 415 3181 (loni.
447 3118 631 3200 potentialis
658 3139 721 3201 quo
749 3117 910 3200 pertinent
941 3117 1039 3182 etiam
1068 3110 1338 3199 interrogationes

177 3217 380 3284 dubitativae.
423 3219 500 3285 Pac.
525 3223 563 3286 12
586 3242 655 3304 sqq.

950 3311 993 3368 sol
1016 3311 1042 3368 si
1063 3316 1205 3388 perpetuo
1227 3310 1291 3383 0101,

241 3446 390 3504 Flammeo
412 3465 521 3522 vapore
542 3450 658 3503 torrens
680 3451 775 3504 terrae
797 3447 905 3504 fretum
928 3446 1071 3505 exusserit

240 3563 328 3621 Nocti
349 3564 381 3620 ni
404 3564 609 3639 interveniant,
632 3566 743 3623 fructus
764 3586 818 3643 per
838 3566 975 3643 pruinam
998 3565 1190 3640 obriguerint.

176 3718 204 3760 v.
230 3698 291 3760 130
314 3699 347 3759 si
369 3699 435 3776 quis
456 3700 510 3759 hac
531 3722 577 3758 me
605 3702 737 3760 oratione
763 3701 878 3775 incilet,
905 3702 977 3778 quid
999 3697 1211 3778 respondeam?
1253 3701 1334 3762 Acc.
1388 3764 1391 3768 ,

177 3801 218 3862 48
241 3822 316 3878 quae
337 3823 402 3860 cum
425 3823 586 3880 componas.
616 3822 643 3864 v.
668 3800 729 3863 215
746 3820 791 3882 sq.
813 3804 850 3862 Id
872 3805 951 3880 quod
965 3804 1052 3862 multi
1067 3804 1221 3863 invideant
1234 3804 1335 3862 111111-

177 3925 233 3982 que
262 3906 408 3983 expedant
435 3906 581 3965 inscitiast
602 3907 769 3980 Postulare,
796 3907 855 3965 nisi
882 3907 1013 3966 laborem
1041 3926 1152 3965 summa
1179 3925 1244 3963 cum
1267 3925 1344 3965 cura.

177 4009 294 4066 ecferas.
326 4004 385 4066 231
411 4024 457 4085 sq.

220 4145 321 4220 Egone
343 4127 486 4219 Argivum
508 4145 663 4222 imperium
686 4145 830 4220 attingam
852 4152 904 4203 aut
927 4144 1051 4223 Pelopia
1073 4145 1175 4220 dignes
1198 4141 1306 4204 domo?

220 4264 283 4334 Quo
305 4286 350 4324 me
373 4264 542 4323 ostendam?
572 4265 651 4341 quod
672 4265 813 4341 templum
835 4261 959 4325 adeam?
991 4285 1077 4340 quem
1099 4263 1253 4339 alloquar?
