3038 4950
741 337 779 403 1·ss
822 386 865 391 -

182 517 243 578 193
264 517 432 596 prospicere
447 550 489 559 -
503 516 584 574 mihi.
616 512 678 574 206
701 516 766 573 Meo
789 516 946 593 obsequere
968 515 1081 574 amori?
1104 514 1256 574 Obcedibo
1271 516 1343 575 tibi.

180 619 243 681 208
270 625 390 696 gnatam
411 652 452 662 -
475 618 625 677 sororibus
647 617 845 677 Commendat.
889 613 953 676 240
983 618 1138 695 adoptavit
1160 619 1227 676 sibi.
1273 615 1340 678 251

180 724 307 782 consulit
333 727 417 796 tergo
444 741 516 779 mec.
560 717 622 780 257
655 741 742 798 quam
762 721 836 781 mihi
864 722 904 779 sit
930 726 1017 796 grata
1043 721 1136 797 ipsius
1158 721 1339 798 obsequella.

180 822 240 884 341
265 824 484 901 Respondit-
498 823 580 880 mihi.
608 820 670 882 356
685 843 788 900 parcas
803 823 869 882 istis
890 824 996 883 verbis.
1025 820 1088 883 395
1110 823 1233 881 miserae
1247 823 1341 881 mihi!

180 923 242 986 416
257 927 315 985 tibi
330 927 471 986 cervicem
484 925 601 1000 fingam.
624 922 684 983 421
696 926 897 985 mustriculam
906 926 1119 1002 -impingam
1133 926 1198 984 tibi.
1221 919 1340 1004 Pomp.

178 1023 260 1089 Bon.
275 1026 295 1088 2
310 1028 368 1087 tibi
382 1061 424 1070 —
439 1028 574 1105 adpareo.
603 1025 623 1086 8
638 1047 675 1085 16
689 1028 819 1087 invidiae
841 1029 905 1088 siet.
928 1024 969 1086 40
985 1029 1060 1086 Mihi
1074 1030 1167 1087 frater
1181 1028 1269 1087 salve.
1295 1025 1337 1088 51

178 1132 236 1190 tibi
257 1152 349 1191 voveo
371 1132 523 1189 factimum.
555 1127 596 1189 83
617 1131 727 1208 Nupsit
742 1165 783 1174 —
798 1132 917 1190 dotatas
931 1133 1048 1190 vetulae
1061 1132 1212 1190 varicosae
1226 1131 1338 1189 vafrae.

181 1231 241 1292 136
264 1234 403 1310 adportas
417 1234 553 1291 nuntium
570 1227 666 1316 Nobis
681 1233 834 1310 disparem,
853 1234 988 1306 divisum,
1010 1229 1291 1291 111616616611111
1307 1239 1339 1292 et

178 1340 294 1393 metum.
320 1332 451 1394 1441111
467 1357 530 1393 cum
545 1336 702 1393 tonderem.
729 1331 788 1394 145
805 1337 830 1394 61
845 1337 892 1394 cui
901 1336 973 1413 quid
986 1336 1058 1393 boni
1066 1335 1180 1395 Evenit.
1206 1332 1269 1394 154
1285 1356 1337 1412 pe-

178 1437 290 1497 ditibus
298 1438 415 1497 nubere.
440 1435 500 1497 158
510 1439 609 1497 labeas
617 1438 722 1496 lerarit
735 1439 816 1496 mihi.
841 1436 902 1499 108
911 1439 984 1496 mihi
992 1438 1134 1498 vendidit.
1160 1435 1338 1497 1786611116

177 1542 409 1600 comminuissem
423 1542 556 1600 testatim
570 1541 636 1600 tibi.
670 1537 731 1599 180
745 1541 907 1618 Tamquam
921 1543 1013 1600 frater
1026 1541 1100 1599 mihi
1115 1541 1163 1599 sis.
1194 1533 1276 1600 Nov.
1296 1538 1338 1599 10

177 1643 246 1702 Tibi
262 1663 326 1700 cum
340 1644 444 1703 fidebo.
476 1641 754 1703 28111110111111.
786 1639 827 1702 40
848 1645 993 1720 quodmei
1008 1637 1155 1721 (=mihi)
1169 1643 1277 1701 misero
1297 1676 1333 1685 —

177 1746 322 1820 confregit
336 1752 432 1823 caput.
464 1743 504 1805 63
519 1745 568 1804 Ι11
580 1746 664 1805 vobis
680 1747 792 1805 otiosus
807 1767 870 1804 sum
884 1753 919 1804 ut
932 1747 973 1803 mi
989 1746 1092 1821 algebo
1108 1752 1138 1804 et
1152 1745 1193 1802 mi
1208 1745 1336 1804 esuribo.

178 1845 218 1906 86
241 1855 270 1906 61
291 1868 420 1925 pannum
441 1849 569 1925 positum
588 1849 621 1905 in
634 1869 766 1926 purpura
781 1854 832 1907 est.
866 1846 926 1907 100
948 1849 1017 1906 huic
1031 1849 1146 1926 puellae
1161 1849 1337 1924 praecoquis

176 1950 269 2008 libido
284 1951 368 2009 inest.
397 1945 716 2013 Α1611.1116.110111.7
746 1958 775 2009 e'1'
797 1952 925 2010 detraxit
948 1951 1036 2009 ebrio.
1071 1944 1188 2010 Laber.
1214 1946 1253 2009 14
1275 1951 1337 2009 tibi

176 2054 302 2112 narravi.
349 2051 388 2112 18
415 2054 473 2112 tibi
494 2054 630 2112 relictum
653 2060 704 2112 est.
750 2051 789 2112 19
813 2074 870 2130 quo
891 2054 978 2111 modo
999 2074 1141 2112 mammae
1162 2053 1237 2110 mihi
1259 2053 1336 2111 Tam

177 2153 425 2214 descendiderant.
457 2153 498 2215 22
521 2156 615 2215 Video
637 2156 818 2215 adulescenti
855 2162 939 2214 ostro
962 2156 1052 2215 Caedi
1069 2157 1165 2216 1111116.
1200 2152 1259 2215 107
1282 2174 1335 2212 ne·

175 2277 246 2331 gare
269 2258 315 2315 cui
337 2258 380 2315 nil
401 2263 568 2335 potuerimt.
615 2256 674 2318 117
708 2257 786 2317 Satis
808 2259 904 2317 facere
925 2260 1035 2336 populo
1057 2266 1087 2318 61
1109 2260 1164 2318 1111
1193 2292 1235 2301 -
1259 2257 1335 2316 viro.

157 2338 376 2437 ’81166119
400 2361 496 2419 aliena
517 2362 611 2434 nobis,
633 2367 734 2420 nostra
755 2363 822 2437 plus
838 2362 906 2419 aliis
920 2363 1045 2438 placent.
1080 2359 1120 2420 10
1142 2361 1270 2419 alienum
1285 2380 1336 2418 aes

179 2461 292 2519 bomini
314 2462 441 2536 ingenuo
463 2465 568 2522 acerba
585 2468 629 2522 661
643 2464 776 2523 servitus.
810 2461 848 2522 11
866 2485 966 2532 amans
980 2465 1074 2522 iratus
1089 2465 1182 2522 multa
1195 2462 1342 2520 mentitur

181 2564 247 2623 sibi.
286 2561 324 2623 17
348 2584 445 2623 amare
467 2566 567 2624 iuveni
589 2566 701 2624 fructus
723 2571 775 2638 est,
798 2566 908 2624 crimen
929 2567 1000 2624 seni.
1041 2563 1081 2625 29
1105 2566 1202 2624 animo
1225 2565 1341 2623 dolenti

180 2667 224 2725 nil
247 2672 364 2744 oportet
386 2668 505 2726 credier.
550 2666 592 2728 30
622 2669 719 2727 animo
746 2669 905 2745 imperabit
931 2670 1059 2745 sapiens,
1087 2670 1194 2727 stultus
1220 2667 1339 2726 serviet.

182 2766 223 2828 33
245 2770 335 2828 morti
356 2771 476 2829 delicias
499 2771 579 2830 facit.
610 2768 651 2829 35
674 2791 762 2830 avaro
777 2771 850 2847 quid
862 2772 934 2830 mali
949 2777 1040 2848 optes.
1072 2768 1112 2829 69
1134 2771 1213 2829 bona
1226 2770 1341 2828 nemini

181 2871 254 2930 hora
277 2877 329 2944 est,
350 2877 464 2929 utnon
486 2872 575 2931 alicui
597 2873 637 2930 sit
657 2874 742 2932 mala.
782 2871 840 2932 101
866 2875 913 2932 cui
934 2873 1010 2932 nolis
1033 2893 1118 2950 saepe
1140 2873 1235 2931 irasci.
1275 2869 1339 2931 103

182 2974 230 3032 cui
252 2993 349 3031 omnes
369 2973 444 3031 bene
466 2974 574 3033 dicunt.
622 2972 682 3033 106
705 2975 798 3034 cuivis
820 2977 916 3034 dolori
937 2976 1097 3034 remedium
1120 2980 1163 3032 est
1184 2973 1340 3052 patientia.

185 3073 245 3135 118
277 3076 409 3152 quisquis
434 3082 565 3153 praestat
587 3078 680 3136 errori
701 3078 796 3136 fidem.
843 3075 903 3137 133
931 3079 1044 3155 eripere
1066 3079 1165 3150 telum,
1187 3097 1245 3135 non
1268 3075 1341 3133 dare

182 3178 260 3237 irato
282 3180 372 3237 decet.
406 3174 465 3237 147
489 3181 610 3239 excelsis
633 3214 674 3224 -
696 3181 812 3239 facilius
835 3202 917 3240 casus
938 3186 1031 3239 nocet.
1066 3177 1128 3239 150
1149 3179 1264 3256 patriae
1286 3178 1340 3254 qui

182 3300 213 3338 se
235 3280 368 3356 denegat.
415 3279 475 3341 196
506 3283 592 3341 homo
614 3283 694 3341 vitae
716 3284 927 3356 commodatus,
949 3303 1008 3341 non
1030 3284 1155 3340 donatus
1178 3287 1229 3340 est.
1274 3277 1339 3339 208

183 3382 326 3457 ignoscito
350 3404 435 3460 saepe
457 3385 557 3456 alteri,
578 3404 737 3460 numquam
758 3385 824 3444 tibi.
870 3382 932 3445 215
958 3385 1077 3460 ingrata
1099 3392 1167 3444 sunt
1189 3382 1339 3455 beneficia,

183 3479 251 3562 qais
273 3504 367 3543 comes
390 3490 434 3544 661
454 3491 556 3544 metus.
601 3482 663 3545 216
694 3487 829 3562 ingratus
850 3508 924 3546 unus
951 3489 1085 3547 omnibus
1109 3487 1224 3546 miseris
1245 3489 1339 3543 nocet.

183 3581 247 3644 240
269 3587 328 3644 sibi
343 3620 384 3629 -
399 3588 545 3646 irascitur.
577 3585 639 3648 243
662 3589 705 3647 111
727 3589 811 3647 crede
834 3590 936 3663 amico,
957 3596 991 3648 ut
1009 3611 1046 3648 ns
1061 3591 1101 3649 sit
1115 3590 1234 3649 inimico
1248 3588 1340 3645 locus.

184 3684 246 3746 259
269 3689 317 3746 lex
339 3695 384 3748 est
405 3690 470 3748 sibi.
503 3688 564 3749 279
586 3692 664 3749 malo
679 3724 721 3735 -
736 3712 847 3769 parcas.
879 3689 942 3751 290
965 3693 1012 3750 cui
1026 3699 1159 3768 negatur.
1191 3687 1250 3750 301
1276 3709 1339 3746 mu·

182 3790 239 3848 1161
260 3812 334 3868 quae
356 3793 457 3851 multis
478 3793 572 3865 nubit,
594 3794 696 3852 multis
718 3814 776 3853 non
790 3795 894 3871 placet.
926 3792 989 3853 302
1010 3795 1112 3853 multis
1126 3796 1264 3864 minatur,
1287 3790 1340 3867 qui

183 3891 236 3949 uni
257 3893 329 3951 facit
350 3894 496 3954 iniuriam.
540 3892 602 3955 303
624 3896 725 3954 multis
747 3897 870 3973 placere.
910 3893 973 3956 304
994 3898 1154 3955 multorum
1176 3893 1342 3956 calamitati

184 4025 227 4037 —
248 3996 380 4054 moritur.
413 3995 472 4057 311
497 3999 664 4057 necessitati
679 3999 794 4075 sapiens
808 3999 884 4056 nihil
901 4031 936 4042 -
955 4005 1051 4074 negat.
1083 3998 1146 4059 315
1169 4004 1259 4074 negat
1273 3995 1341 4055 sibi.

184 4093 248 4157 324
270 4098 296 4156 61
318 4099 410 4157 oculis
431 4099 545 4158 animus
566 4100 698 4176 imperet.
735 4098 795 4160 331
821 4101 929 4160 crimen
951 4103 1009 4160 sibi
1030 4104 1118 4180 parit.
1151 4099 1214 4161 330
1236 4099 1341 4158 multis

183 4202 287 4278 placet.
324 4199 385 4262 337
409 4202 572 4261 calamitati
594 4202 703 4262 cedere.
739 4200 801 4263 353
824 4224 841 4261 o
864 4204 956 4263 vitam
976 4205 1083 4262 misero
1104 4205 1235 4279 longam,
1257 4201 1343 4260 felici

182 4303 308 4364 brevem.
353 4301 413 4364 361
437 4324 597 4381 paucorum
618 4306 792 4383 improbitas
813 4307 959 4366 universis
981 4307 1139 4366 calamitas.
1184 4303 1247 4366 367
1270 4305 1343 4381 quoi
