3038 4950
651 319 865 380 ,43-

177 530 219 538 -
240 494 330 571 loqui.
362 487 458 552 Titin.
485 489 545 551 148
568 512 677 568 occupa
698 492 790 549 Foras
813 491 900 549 exire.
933 484 1046 549 Afran.
1063 487 1103 548 46
1127 490 1184 560 Qui
1207 489 1337 548 conciere

177 598 297 672 cogites·
329 592 392 655 290
408 593 536 652 adducor
558 594 634 650 ferre
655 593 782 651 humana
802 593 979 652 humanitus.
1012 591 1074 652 398
1090 593 1337 651 Praefestinamus

178 735 219 743 -
241 699 371 758 sciscere.
415 692 478 754 407
506 695 691 771 fabularique
718 695 833 772 incipis.
877 690 990 773 Pomp.
1013 689 1093 755 Bon.
1117 692 1158 755 83
1186 716 1232 753 me
1255 694 1337 771 cupis

178 802 345 861 Concidere.
388 791 504 858 Labor.
528 793 570 856 24
597 798 792 875 concupivisti
819 799 937 873 augium
964 797 1121 857 Scindere?
1166 791 1235 876 Syr.
1259 797 1337 858 sent.

180 902 243 964 295
267 903 367 980 cupias
389 901 478 977 loqui.
516 896 577 958 303
601 900 703 958 multis
725 901 842 978 placere
865 921 939 977 quae
962 901 1051 979 cupit.
1087 894 1205 960 Laber.
1228 898 1338 960 35110

179 1040 219 1048 -
243 1003 387 1081 Progredi
409 1002 514 1077 coegit.
547 993 617 1080 Syr.
640 1001 718 1060 sent.
738 998 795 1061 141
820 1002 985 1061 innocentis
1004 1003 1084 1077 cogit
1105 1003 1224 1062 mentiri
1247 1003 1338 1062 dolor.

180 1106 240 1168 401
265 1107 331 1182 cogi
353 1100 532 1182 opprimere.
579 1100 640 1162 569
670 1123 756 1178 cogas
779 1124 865 1178 cogas
887 1109 1033 1163 amantem
1055 1105 1151 1163 irasci.
1195 1103 1257 1164 337
1281 1125 1340 1162 non

179 1211 263 1269 novit
289 1209 384 1268 virtus
412 1205 576 1264 calamitati
603 1205 711 1267 cedere.
756 1204 819 1266 338
841 1227 900 1266 non
921 1212 991 1285 pote
1012 1227 1071 1266 non
1094 1227 1208 1284 sapere,
1235 1207 1339 1283 quise

180 1313 303 1371 stultum
324 1308 482 1383 inteHegit.
528 1303 590 1366 358
613 1328 739 1384 nequeas
760 1309 840 1387 pati.⁴
870 1306 933 1368 450
956 1310 1102 1387 respicere
1123 1310 1167 1367 nil
1190 1293 1341 1368 consuevit
1378 1320 1382 1327 '

179 1414 341 1473 iracundia.
380 1407 443 1469 530
466 1410 561 1468 facere
584 1442 625 1451 —
648 1430 747 1469 cesses
780 1409 839 1470 691
864 1432 984 1488 peccare
1006 1418 1126 1470 cessant.
1159 1408 1219 1470 697
1243 1414 1341 1489 potest

179 1537 240 1574 non
269 1535 330 1574 esse
355 1514 518 1572 honestum.
563 1508 626 1570 204
653 1513 697 1570 ibi
719 1519 789 1589 pote
814 1514 912 1573 valere
934 1515 1067 1592 populus.
1113 1510 1176 1573 422
1199 1512 1250 1589 qui
1272 1519 1341 1590 pote

183 1621 278 1677 celare
299 1616 415 1676 vitium.
453 1611 516 1673 423
540 1614 591 1690 qui
613 1619 682 1691 pote
704 1615 857 1674 consilium
880 1618 988 1692 fugere,
1011 1637 1114 1694 sapere
1136 1617 1214 1674 idem
1235 1620 1341 1693 potest.

183 1717 247 1780 424
275 1719 326 1795 qui
356 1722 426 1795 pote
456 1716 615 1775 transferre
644 1737 785 1790 amorem,
815 1725 885 1796 pote
912 1720 1064 1797 deponere.
1111 1716 1171 1778 719
1199 1719 1251 1795 qui
1272 1722 1342 1795 pote

183 1842 296 1895 nocere,
319 1821 449 1879 timetur.
488 1815 551 1878 634
573 1819 630 1876 etsi
652 1820 752 1878 obesse
774 1841 833 1880 non
854 1828 931 1899 pote.
964 1820 1025 1882 778
1049 1821 1262 1882 Contumeliam
1284 1840 1343 1878 non

183 1926 270 1984 fortis
293 1929 363 2001 pote
385 1942 438 1980 neo
460 1922 603 1996 ingenuus
625 1922 697 1999 pati.
728 1916 803 1982 Pae.
826 1921 889 1984 389
904 1925 965 1983 Nec
980 1925 1110 1984 cicurare
1125 1944 1218 1999 neque
1232 1923 1346 1981 mederi

183 2028 262 2105 potis
285 2031 329 2085 est
351 2044 444 2101 nequo
466 2023 595 2098 refigere.
627 2057 669 2066 -
694 2017 870 2085 Consilium
891 2021 1065 2088 infinitivus
1087 2021 1236 2103 exprimit
1258 2019 1344 2103 apud

185 2122 306 2206 Turpil.
332 2124 393 2187 154
415 2125 590 2203 progredior
611 2159 653 2168 —
675 2127 778 2185 visere.

243 2311 246 2317 Ι
271 2228 321 2289 47.
358 2223 571 2289 Accusativus
595 2243 667 2287 cum
688 2223 742 2288 inf.
765 2223 841 2290 Pae.
865 2228 906 2290 22
934 2232 985 2309 qui
1007 2251 1068 2290 sese
1090 2231 1199 2290 adfines
1222 2250 1284 2288 esse
1306 2229 1344 2287 ad

186 2332 363 2392 causandum
385 2332 496 2390 volunt.
540 2327 620 2389 Aac.
644 2328 707 2391 488
729 2352 903 2409 quemquam
924 2334 1066 2412 praeponi
1087 2334 1184 2392 velim.
1222 2327 1344 2409 Turpil.

187 2434 228 2496 38
251 2455 325 2511 quae
347 2434 452 2492 mulier
478 2433 559 2492 volet
581 2432 647 2491 Sibi
674 2454 757 2491 suum
780 2436 904 2494 amicum
932 2457 993 2495 esse
1020 2437 1221 2511 indulgentem
1249 2440 1279 2493 et
1301 2435 1345 2492 di-

186 2540 309 2598 utinum.
357 2533 418 2595 146
445 2535 493 2593 Me
519 2535 565 2594 vis
592 2536 705 2611 potiri?
747 2532 832 2598 Atta
857 2536 895 2598 18
917 2539 1035 2597 Annum
1061 2559 1169 2598 novum
1190 2539 1347 2596 voluerunt

186 2661 248 2700 esse
269 2639 397 2717 primum
419 2657 547 2696 mensem
562 2637 708 2697 Martium.
739 2633 852 2717 Pomp.
867 2635 949 2702 Bon.
974 2639 1008 2701 31
1037 2642 1140 2699 moriri
1162 2660 1244 2698 suam
1266 2638 1344 2715 quis·

186 2763 243 2820 que
270 2761 390 2800 uxorem
417 2745 451 2798 ut
477 2740 558 2799 velit.
604 2737 644 2800 53
667 2742 734 2800 volo
761 2743 938 2802 lavatrinam
965 2744 1033 2802 lavi.
1081 2740 1139 2802 161
1164 2742 1243 2813 Quid
1268 2760 1345 2799 nune

186 2846 232 2904 vis
263 2842 348 2902 fieri?
391 2836 472 2902 Nov.
501 2840 541 2902 97
573 2843 640 2901 volo
671 2843 747 2902 hunc
777 2846 911 2925 accipiar.
955 2840 1072 2906 Laber.
1096 2843 1137 2905 83
1159 2845 1224 2904 Hoc
1251 2843 1346 2902 voluit

186 2948 314 3024 elipeum
345 2951 448 3003 contra
475 2946 590 3021 pelvem
616 2946 718 3022 proici.
766 2943 843 3009 Pac.
867 2947 907 3009 55
935 2949 1179 3023 consanguineam
1206 2967 1268 3006 esse
1295 2946 1345 3004 ab·

185 3051 288 3108 dicant
307 3074 337 3119 =
358 3046 487 3124 negant.
510 3044 573 3105 206
597 3067 657 3104 esse
679 3049 811 3108 adiutam
834 3057 982 3127 expetunt.
1013 3047 1056 3109 44
1078 3066 1124 3127 sq.
1139 3050 1228 3107 Dolet
1249 3049 1345 3127 piget-

186 3172 242 3228 que
265 3184 305 3194 -
328 3169 375 3208 me
397 3154 533 3208 conatum
555 3148 610 3207 hoo
632 3183 673 3192 -
696 3151 793 3209 itiner.
828 3149 888 3212 128
906 3153 973 3210 Non
996 3153 1079 3210 decet
1101 3152 1229 3210 animum
1251 3150 1345 3224 aegri·

185 3254 289 3312 tudine
321 3251 431 3311 confici.
475 3246 556 3310 Ace.
580 3247 643 3310 514
673 3273 726 3312 neo
755 3254 813 3312 tibi
840 3275 886 3312 me
917 3255 949 3312 in
975 3254 1029 3313 bac
1056 3274 1088 3311 re
1115 3251 1227 3328 gratari
1255 3251 1346 3308 decet.

184 3353 296 3433 Pomp.
313 3348 395 3414 Bon.
407 3351 447 3413 72
464 3354 576 3412 cibaria
590 3355 692 3414 Vicem
708 3357 831 3416 duorum
844 3377 891 3416 me
906 3377 1032 3416 comesse
1047 3357 1193 3415 condecet.
1224 3347 1346 3430 Turpil.

189 3456 249 3518 127
275 3458 365 3515 etiam
386 3458 453 3534 plus
475 3458 559 3515 illam
582 3477 723 3535 apparare
746 3461 891 3520 condecet.
927 3454 1003 3520 Pac.
1029 3457 1098 3519 176.
1122 3455 1187 3517 200
1209 3457 1275 3515 Neu
1301 3476 1345 3513 re·

186 3560 297 3637 liquias
319 3592 360 3601 -
384 3559 458 3617 mias
480 3559 564 3617 sireis
587 3593 629 3600 —
652 3561 824 3622 divexarier.
857 3561 928 3622 237.
952 3559 1014 3622 240
1037 3562 1194 3621 Sentio-
1216 3564 1246 3617 te
1267 3559 1347 3618 vocis

187 3663 264 3722 calvi
287 3661 491 3720 similitudine.
530 3658 591 3719 248
614 3662 733 3721 Pariter
754 3671 784 3723 te
807 3686 869 3724 esse
891 3686 961 3740 erga
982 3666 1067 3723 illum
1088 3664 1183 3736 video,
1205 3662 1347 3721 utillum

186 3766 239 3824 ted
262 3783 333 3838 erga
355 3763 422 3821 seio.
466 3757 547 3822 Ace.
573 3760 612 3821 14
634 3764 810 3826 inflammari
832 3802 872 3812 -
895 3767 979 3825 navis
1001 3766 1144 3825 vidissent
1165 3785 1239 3824 suas.
1284 3760 1346 3822 362

185 3871 268 3927 Haec
295 3864 393 3923 omnia
420 3867 483 3925 vidi
509 3864 693 3927 inflammari.
744 3868 806 3930 439
836 3890 922 3949 quem
949 3859 1070 3928 amburi
1089 3869 1180 3928 vides.
1225 3860 1346 3943 Turpil.

189 3969 251 4030 194
280 3990 326 4051 sq.
354 3966 405 4026 ubi
432 3980 551 4049 praeter
577 3989 608 4026 se
634 3973 779 4032 neminem
800 3973 891 4033 Videt
918 3992 986 4031 esse.
1033 3968 1093 4030 199
1121 3986 1167 4047 sq.
1190 3969 1282 4029 Nemo
1305 4003 1346 4012 -

185 4076 264 4136 vidit
286 4079 399 4139 ebrium
421 4080 465 4137 ire
480 4071 619 4146 interdiu,
641 4076 743 4153 Neque
757 4077 875 4135 turbam
891 4075 996 4148 facere,
1018 4094 1112 4150 neque
1126 4074 1203 4132 fores
1219 4092 1346 4141 exurere.

185 4175 269 4239 Pall.
295 4177 355 4241 ino.
383 4177 444 4240 inc.
468 4179 508 4240 96
533 4173 610 4243 Quid
637 4179 799 4238 tristiorem
826 4177 912 4237 video
938 4182 969 4235 te
997 4197 1058 4236 esse
1085 4195 1173 4255 quam
1199 4174 1345 4232 antidhac.

187 4277 283 4343 Titin.
308 4281 347 4343 18
362 4284 493 4342 viderem
509 4301 563 4357 ego
584 4288 613 4340 te
627 4282 774 4356 virginem
788 4281 966 4354 Formosam,
984 4299 1090 4358 sponso
1106 4298 1166 4337 esse
1182 4275 1347 4354 superbam,
