<?xml version="1.0" encoding="UTF-8"?>
<!DOCTYPE html PUBLIC "-//W3C//DTD XHTML 1.0 Transitional//EN"
    "http://www.w3.org/TR/xhtml1/DTD/xhtml1-transitional.dtd">
<html xmlns="http://www.w3.org/1999/xhtml" xml:lang="en" lang="en">
 <head>
  <title>
</title>
<meta http-equiv="Content-Type" content="text/html;charset=utf-8" />
  <meta name='ocr-system' content='tesseract 3.04.00' />
  <meta name='ocr-capabilities' content='ocr_page ocr_carea ocr_par ocr_line ocrx_word'/>
</head>
<body>
  <div class='ocr_page' id='page_1' title='image "./syntaxisfragmen00holtgoog_0041.png"; bbox 0 0 3038 4950; ppageno 0'>
   <div class='ocr_carea' id='block_1_1' title="bbox 712 335 927 398">
    <p class='ocr_par' dir='ltr' id='par_1_1' title="bbox 712 335 927 398">
     <span class='ocr_line' id='line_1_1' title="bbox 712 335 927 398; baseline -0.009 -17"><span class='ocrx_word' id='word_1_1' title='bbox 712 335 927 398; x_wconf 69' lang='lat'>-30-</span> 
     </span>
    </p>
   </div>
   <div class='ocr_carea' id='block_1_2' title="bbox 241 505 1413 4369">
    <p class='ocr_par' dir='ltr' id='par_1_2' title="bbox 241 505 1405 2018">
     <span class='ocr_line' id='line_1_2' title="bbox 241 505 1402 588; baseline -0.006 -15"><span class='ocrx_word' id='word_1_2' title='bbox 241 509 303 573; x_wconf 93' lang='grc'>317</span> <span class='ocrx_word' id='word_1_3' title='bbox 326 512 366 572; x_wconf 84' lang='lat' dir='ltr'>ad</span> <span class='ocrx_word' id='word_1_4' title='bbox 392 530 534 571; x_wconf 73' lang='lat' dir='ltr'>maumam</span> <span class='ocrx_word' id='word_1_5' title='bbox 564 510 701 588; x_wconf 85' lang='lat' dir='ltr'>pervenit</span> <span class='ocrx_word' id='word_1_6' title='bbox 730 509 833 567; x_wconf 86' lang='lat' dir='ltr'>locum.</span> <span class='ocrx_word' id='word_1_7' title='bbox 877 505 941 568; x_wconf 91' lang='grc'>370</span> <span class='ocrx_word' id='word_1_8' title='bbox 970 508 1126 585; x_wconf 78' lang='lat' dir='ltr'>perfugere</span> <span class='ocrx_word' id='word_1_9' title='bbox 1155 508 1194 564; x_wconf 89' lang='lat' dir='ltr'>ad</span> <span class='ocrx_word' id='word_1_10' title='bbox 1223 506 1402 567; x_wconf 81' lang='lat' dir='ltr'>inferiorem.</span> 
     </span>
     <span class='ocr_line' id='line_1_3' title="bbox 241 608 1401 675; baseline -0.003 0"><span class='ocrx_word' id='word_1_11' title='bbox 241 613 301 675; x_wconf 88' lang='grc'>511</span> <span class='ocrx_word' id='word_1_12' title='bbox 327 614 365 674; x_wconf 89' lang='lat' dir='ltr'>ad</span> <span class='ocrx_word' id='word_1_13' title='bbox 392 619 536 673; x_wconf 73' lang='lat' dir='ltr'><strong>senectam</strong></span> <span class='ocrx_word' id='word_1_14' title='bbox 562 620 683 672; x_wconf 89' lang='lat' dir='ltr'>ventum</span> <span class='ocrx_word' id='word_1_15' title='bbox 711 617 762 670; x_wconf 87' lang='lat' dir='ltr'>est.</span> <span class='ocrx_word' id='word_1_16' title='bbox 813 608 875 669; x_wconf 93' lang='grc'>558</span> <span class='ocrx_word' id='word_1_17' title='bbox 903 611 942 667; x_wconf 89' lang='lat' dir='ltr'>ad</span> <span class='ocrx_word' id='word_1_18' title='bbox 968 610 1101 668; x_wconf 83' lang='lat' dir='ltr'>effectum</span> <span class='ocrx_word' id='word_1_19' title='bbox 1127 643 1170 651; x_wconf 91' lang='lat'><em>—</em></span> <span class='ocrx_word' id='word_1_20' title='bbox 1197 612 1287 669; x_wconf 84' lang='lat' dir='ltr'>venit.</span> <span class='ocrx_word' id='word_1_21' title='bbox 1337 609 1401 671; x_wconf 82' lang='lat'>592</span> 
     </span>
     <span class='ocr_line' id='line_1_4' title="bbox 242 708 1403 792; baseline -0.002 -16"><span class='ocrx_word' id='word_1_22' title='bbox 242 717 280 776; x_wconf 85' lang='lat' dir='ltr'>ad</span> <span class='ocrx_word' id='word_1_23' title='bbox 302 725 439 776; x_wconf 84' lang='lat' dir='ltr'>naturam</span> <span class='ocrx_word' id='word_1_24' title='bbox 460 715 620 774; x_wconf 70' lang='lat' dir='ltr'>reciderint</span> <span class='ocrx_word' id='word_1_25' title='bbox 641 735 731 773; x_wconf 84' lang='lat' dir='ltr'>suam</span> <span class='ocrx_word' id='word_1_26' title='bbox 776 711 838 773; x_wconf 98' lang='grc'>694</span> <span class='ocrx_word' id='word_1_27' title='bbox 857 733 952 790; x_wconf 88' lang='lat' dir='ltr'>poena</span> <span class='ocrx_word' id='word_1_28' title='bbox 966 714 1126 770; x_wconf 87' lang='lat' dir='ltr'>admalum</span> <span class='ocrx_word' id='word_1_29' title='bbox 1144 733 1269 790; x_wconf 74' lang='lat' dir='ltr'>serpens.</span> <span class='ocrx_word' id='word_1_30' title='bbox 1312 708 1345 792; x_wconf 87' lang='lat' dir='ltr'>b)</span> <span class='ocrx_word' id='word_1_31' title='bbox 1362 710 1403 774; x_wconf 88' lang='lat' dir='ltr'>de</span> 
     </span>
     <span class='ocr_line' id='line_1_5' title="bbox 242 809 1404 894; baseline -0.004 -15"><span class='ocrx_word' id='word_1_32' title='bbox 242 814 375 880; x_wconf 87' lang='lat' dir='ltr'>consilio</span> <span class='ocrx_word' id='word_1_33' title='bbox 398 812 513 879; x_wconf 88' lang='lat' dir='ltr'>dicitur</span> <span class='ocrx_word' id='word_1_34' title='bbox 535 817 568 878; x_wconf 86' lang='lat' dir='ltr'>et</span> <span class='ocrx_word' id='word_1_35' title='bbox 590 811 630 877; x_wconf 89' lang='lat' dir='ltr'>de</span> <span class='ocrx_word' id='word_1_36' title='bbox 651 832 687 876; x_wconf 91' lang='lat' dir='ltr'>re</span> <span class='ocrx_word' id='word_1_37' title='bbox 709 811 817 893; x_wconf 88' lang='lat' dir='ltr'>aliqua</span> <span class='ocrx_word' id='word_1_38' title='bbox 839 810 1046 894; x_wconf 84' lang='lat' dir='ltr'>assequenda</span> <span class='ocrx_word' id='word_1_39' title='bbox 1088 809 1165 874; x_wconf 88' lang='lat' dir='ltr'>Pae.</span> <span class='ocrx_word' id='word_1_40' title='bbox 1190 812 1231 875; x_wconf 81' lang='lat'>22</span> <span class='ocrx_word' id='word_1_41' title='bbox 1253 837 1341 893; x_wconf 84' lang='lat' dir='ltr'>seque</span> <span class='ocrx_word' id='word_1_42' title='bbox 1364 818 1404 875; x_wconf 83' lang='lat' dir='ltr'>ad</span> 
     </span>
     <span class='ocr_line' id='line_1_6' title="bbox 242 915 1403 996; baseline -0.004 -15"><span class='ocrx_word' id='word_1_43' title='bbox 242 923 330 981; x_wconf 83' lang='lat' dir='ltr'>ludos</span> <span class='ocrx_word' id='word_1_44' title='bbox 345 954 387 964; x_wconf 91' lang='lat'><em>—</em></span> <span class='ocrx_word' id='word_1_45' title='bbox 403 926 563 979; x_wconf 83' lang='lat' dir='ltr'>exerceant.</span> <span class='ocrx_word' id='word_1_46' title='bbox 609 917 850 979; x_wconf 73' lang='grc'>2311161111-</span> <span class='ocrx_word' id='word_1_47' title='bbox 866 919 905 978; x_wconf 88' lang='lat' dir='ltr'>ad</span> <span class='ocrx_word' id='word_1_48' title='bbox 919 918 1103 977; x_wconf 87' lang='lat' dir='ltr'>causandum.</span> <span class='ocrx_word' id='word_1_49' title='bbox 1147 915 1186 977; x_wconf 84' lang='lat'>51</span> <span class='ocrx_word' id='word_1_50' title='bbox 1212 919 1291 994; x_wconf 93' lang='lat' dir='ltr'>quod</span> <span class='ocrx_word' id='word_1_51' title='bbox 1311 920 1403 996; x_wconf 89' lang='lat' dir='ltr'>prim·</span> 
     </span>
     <span class='ocr_line' id='line_1_7' title="bbox 242 1018 1403 1101; baseline -0.003 -17"><span class='ocrx_word' id='word_1_52' title='bbox 242 1025 357 1084; x_wconf 85' lang='lat' dir='ltr'>ordinm</span> <span class='ocrx_word' id='word_1_53' title='bbox 380 1023 530 1101; x_wconf 83' lang='lat' dir='ltr'>Capissam</span> <span class='ocrx_word' id='word_1_54' title='bbox 556 1023 595 1082; x_wconf 88' lang='lat' dir='ltr'>ad</span> <span class='ocrx_word' id='word_1_55' title='bbox 618 1022 741 1099; x_wconf 70' lang='lat' dir='ltr'>stirpem</span> <span class='ocrx_word' id='word_1_56' title='bbox 761 1021 979 1097; x_wconf 82' lang='lat' dir='ltr'>exquirendum.</span> <span class='ocrx_word' id='word_1_57' title='bbox 1023 1018 1086 1080; x_wconf 84' lang='lat'>358</span> <span class='ocrx_word' id='word_1_58' title='bbox 1109 1021 1147 1078; x_wconf 92' lang='lat' dir='ltr'>ad</span> <span class='ocrx_word' id='word_1_59' title='bbox 1163 1021 1403 1097; x_wconf 85' lang='lat' dir='ltr'>praecavendum.</span> 
     </span>
     <span class='ocr_line' id='line_1_8' title="bbox 241 1117 1404 1201; baseline -0.004 -15"><span class='ocrx_word' id='word_1_60' title='bbox 241 1120 309 1186; x_wconf 78' lang='lat' dir='ltr'>Ino,</span> <span class='ocrx_word' id='word_1_61' title='bbox 333 1121 394 1186; x_wconf 83' lang='lat' dir='ltr'>inc.</span> <span class='ocrx_word' id='word_1_62' title='bbox 415 1126 497 1201; x_wconf 78' lang='lat' dir='ltr'>trag.</span> <span class='ocrx_word' id='word_1_63' title='bbox 520 1122 558 1183; x_wconf 85' lang='lat'>81</span> <span class='ocrx_word' id='word_1_64' title='bbox 593 1124 631 1183; x_wconf 91' lang='lat' dir='ltr'>ad</span> <span class='ocrx_word' id='word_1_65' title='bbox 661 1123 841 1201; x_wconf 84' lang='lat' dir='ltr'>pariendum</span> <span class='ocrx_word' id='word_1_66' title='bbox 894 1117 1011 1183; x_wconf 78' lang='lat' dir='ltr'>Labor.</span> <span class='ocrx_word' id='word_1_67' title='bbox 1036 1120 1097 1182; x_wconf 84' lang='lat'>134</span> <span class='ocrx_word' id='word_1_68' title='bbox 1129 1123 1324 1182; x_wconf 88' lang='lat' dir='ltr'>delenimenta</span> <span class='ocrx_word' id='word_1_69' title='bbox 1354 1123 1404 1181; x_wconf 92' lang='lat' dir='ltr'>Ad</span> 
     </span>
     <span class='ocr_line' id='line_1_9' title="bbox 242 1218 1403 1305; baseline -0.001 -18"><span class='ocrx_word' id='word_1_70' title='bbox 242 1248 378 1288; x_wconf 83' lang='lat' dir='ltr'>amorem.</span> <span class='ocrx_word' id='word_1_71' title='bbox 423 1218 493 1305; x_wconf 79' lang='lat' dir='ltr'>Syr.</span> <span class='ocrx_word' id='word_1_72' title='bbox 516 1228 595 1288; x_wconf 83' lang='lat' dir='ltr'>sent.</span> <span class='ocrx_word' id='word_1_73' title='bbox 618 1225 638 1285; x_wconf 88' lang='grc'>4</span> <span class='ocrx_word' id='word_1_74' title='bbox 661 1226 699 1285; x_wconf 91' lang='lat' dir='ltr'>ad</span> <span class='ocrx_word' id='word_1_75' title='bbox 721 1226 916 1284; x_wconf 76' lang='lat' dir='ltr'>calamitatem</span> <span class='ocrx_word' id='word_1_76' title='bbox 939 1226 1065 1302; x_wconf 82' lang='lat' dir='ltr'>quilibet</span> <span class='ocrx_word' id='word_1_77' title='bbox 1086 1246 1186 1282; x_wconf 89' lang='lat' dir='ltr'>rumor</span> <span class='ocrx_word' id='word_1_78' title='bbox 1206 1227 1294 1284; x_wconf 88' lang='lat' dir='ltr'>valet.</span> <span class='ocrx_word' id='word_1_79' title='bbox 1341 1223 1403 1286; x_wconf 88' lang='grc'>123</span> 
     </span>
     <span class='ocr_line' id='line_1_10' title="bbox 246 1325 1403 1406; baseline -0.003 -17"><span class='ocrx_word' id='word_1_80' title='bbox 246 1329 395 1389; x_wconf 86' lang='lat' dir='ltr'>difficilem</span> <span class='ocrx_word' id='word_1_81' title='bbox 418 1334 536 1406; x_wconf 82' lang='lat' dir='ltr'>oportet</span> <span class='ocrx_word' id='word_1_82' title='bbox 557 1348 656 1387; x_wconf 91' lang='lat' dir='ltr'>aurem</span> <span class='ocrx_word' id='word_1_83' title='bbox 678 1327 785 1386; x_wconf 87' lang='lat' dir='ltr'>habere</span> <span class='ocrx_word' id='word_1_84' title='bbox 813 1328 851 1387; x_wconf 91' lang='lat' dir='ltr'>ad</span> <span class='ocrx_word' id='word_1_85' title='bbox 878 1329 1008 1387; x_wconf 90' lang='lat' dir='ltr'>crimina.</span> <span class='ocrx_word' id='word_1_86' title='bbox 1053 1325 1116 1388; x_wconf 88' lang='grc'>614</span> <span class='ocrx_word' id='word_1_87' title='bbox 1142 1328 1255 1386; x_wconf 90' lang='lat' dir='ltr'>inimici</span> <span class='ocrx_word' id='word_1_88' title='bbox 1281 1327 1320 1386; x_wconf 91' lang='lat' dir='ltr'>ad</span> <span class='ocrx_word' id='word_1_89' title='bbox 1341 1329 1403 1386; x_wconf 90' lang='lat' dir='ltr'>aui-</span> 
     </span>
     <span class='ocr_line' id='line_1_11' title="bbox 244 1424 1405 1510; baseline -0.001 -20"><span class='ocrx_word' id='word_1_90' title='bbox 244 1452 323 1491; x_wconf 91' lang='lat' dir='ltr'>mum</span> <span class='ocrx_word' id='word_1_91' title='bbox 345 1432 443 1490; x_wconf 89' lang='lat' dir='ltr'>nullae</span> <span class='ocrx_word' id='word_1_92' title='bbox 466 1431 642 1490; x_wconf 89' lang='lat' dir='ltr'>conveniunt</span> <span class='ocrx_word' id='word_1_93' title='bbox 663 1451 770 1508; x_wconf 86' lang='lat' dir='ltr'>preces.</span> <span class='ocrx_word' id='word_1_94' title='bbox 816 1427 845 1510; x_wconf 88' lang='lat' dir='ltr'>o)</span> <span class='ocrx_word' id='word_1_95' title='bbox 868 1427 911 1488; x_wconf 87' lang='lat' dir='ltr'>cd</span> <span class='ocrx_word' id='word_1_96' title='bbox 924 1448 1018 1488; x_wconf 79' lang='lat' dir='ltr'>ccam</span> <span class='ocrx_word' id='word_1_97' title='bbox 1040 1425 1164 1505; x_wconf 84' lang='lat' dir='ltr'>dicitur,</span> <span class='ocrx_word' id='word_1_98' title='bbox 1186 1424 1213 1490; x_wconf 89' lang='lat' dir='ltr'>si</span> <span class='ocrx_word' id='word_1_99' title='bbox 1235 1424 1405 1489; x_wconf 86' lang='lat' dir='ltr'>dicendum</span> 
     </span>
     <span class='ocr_line' id='line_1_12' title="bbox 247 1527 1404 1611; baseline -0.004 -16"><span class='ocrx_word' id='word_1_100' title='bbox 247 1537 296 1595; x_wconf 79' lang='grc'>111</span> <span class='ocrx_word' id='word_1_101' title='bbox 316 1529 404 1594; x_wconf 88' lang='lat' dir='ltr'>nullo</span> <span class='ocrx_word' id='word_1_102' title='bbox 427 1532 561 1611; x_wconf 77' lang='lat' dir='ltr'>excepto</span> <span class='ocrx_word' id='word_1_103' title='bbox 582 1527 723 1593; x_wconf 74' lang='grc'>11111111.</span> <span class='ocrx_word' id='word_1_104' title='bbox 743 1535 823 1610; x_wconf 79' lang='lat' dir='ltr'>trag.</span> <span class='ocrx_word' id='word_1_105' title='bbox 846 1529 910 1593; x_wconf 90' lang='grc'>253</span> <span class='ocrx_word' id='word_1_106' title='bbox 931 1533 1116 1591; x_wconf 85' lang='lat' dir='ltr'>Delationem</span> <span class='ocrx_word' id='word_1_107' title='bbox 1137 1533 1232 1591; x_wconf 81' lang='lat' dir='ltr'>nostri</span> <span class='ocrx_word' id='word_1_108' title='bbox 1254 1534 1293 1590; x_wconf 87' lang='lat' dir='ltr'>ad</span> <span class='ocrx_word' id='word_1_109' title='bbox 1313 1553 1404 1590; x_wconf 92' lang='lat' dir='ltr'>unum</span> 
     </span>
     <span class='ocr_line' id='line_1_13' title="bbox 246 1630 1404 1716; baseline -0.003 -20"><span class='ocrx_word' id='word_1_110' title='bbox 246 1637 398 1696; x_wconf 83' lang='lat' dir='ltr'>exercitus.</span> <span class='ocrx_word' id='word_1_111' title='bbox 443 1631 475 1716; x_wconf 90' lang='lat' dir='ltr'>d)</span> <span class='ocrx_word' id='word_1_112' title='bbox 500 1632 539 1695; x_wconf 93' lang='lat' dir='ltr'>de</span> <span class='ocrx_word' id='word_1_113' title='bbox 563 1631 668 1712; x_wconf 91' lang='lat' dir='ltr'>quiete</span> <span class='ocrx_word' id='word_1_114' title='bbox 689 1632 723 1694; x_wconf 90' lang='lat' dir='ltr'>in</span> <span class='ocrx_word' id='word_1_115' title='bbox 744 1631 815 1695; x_wconf 93' lang='lat' dir='ltr'>loco</span> <span class='ocrx_word' id='word_1_116' title='bbox 834 1630 950 1695; x_wconf 87' lang='lat' dir='ltr'>dicitur</span> <span class='ocrx_word' id='word_1_117' title='bbox 964 1630 1043 1695; x_wconf 87' lang='lat' dir='ltr'>Ace.</span> <span class='ocrx_word' id='word_1_118' title='bbox 1060 1632 1123 1694; x_wconf 85' lang='grc'>566</span> <span class='ocrx_word' id='word_1_119' title='bbox 1138 1635 1236 1711; x_wconf 85' lang='lat' dir='ltr'>posita</span> <span class='ocrx_word' id='word_1_120' title='bbox 1251 1635 1289 1694; x_wconf 90' lang='lat' dir='ltr'>ad</span> <span class='ocrx_word' id='word_1_121' title='bbox 1303 1635 1404 1693; x_wconf 82' lang='lat' dir='ltr'>stellas</span> 
     </span>
     <span class='ocr_line' id='line_1_14' title="bbox 245 1730 1405 1816; baseline -0.003 -19"><span class='ocrx_word' id='word_1_122' title='bbox 245 1744 364 1816; x_wconf 83' lang='lat' dir='ltr'>septem</span> <span class='ocrx_word' id='word_1_123' title='bbox 410 1735 472 1798; x_wconf 84' lang='lat'>630</span> <span class='ocrx_word' id='word_1_124' title='bbox 488 1738 526 1796; x_wconf 90' lang='lat' dir='ltr'>ad</span> <span class='ocrx_word' id='word_1_125' title='bbox 540 1739 662 1797; x_wconf 84' lang='lat' dir='ltr'>laevam.</span> <span class='ocrx_word' id='word_1_126' title='bbox 707 1735 768 1797; x_wconf 90' lang='grc'>687</span> <span class='ocrx_word' id='word_1_127' title='bbox 784 1738 822 1797; x_wconf 83' lang='grc'>11</span> <span class='ocrx_word' id='word_1_128' title='bbox 837 1738 977 1795; x_wconf 80' lang='lat' dir='ltr'><strong>dextram.</strong></span> <span class='ocrx_word' id='word_1_129' title='bbox 1023 1730 1143 1814; x_wconf 79' lang='lat' dir='ltr'>Turpil.</span> <span class='ocrx_word' id='word_1_130' title='bbox 1162 1734 1223 1796; x_wconf 94' lang='grc'>172</span> <span class='ocrx_word' id='word_1_131' title='bbox 1240 1737 1405 1795; x_wconf 90' lang='lat' dir='ltr'>mansiones</span> 
     </span>
     <span class='ocr_line' id='line_1_15' title="bbox 248 1831 1404 1919; baseline -0.003 -20"><span class='ocrx_word' id='word_1_132' title='bbox 248 1873 288 1883; x_wconf 89' lang='lat'>—</span> <span class='ocrx_word' id='word_1_133' title='bbox 312 1840 349 1899; x_wconf 89' lang='lat' dir='ltr'>ad</span> <span class='ocrx_word' id='word_1_134' title='bbox 372 1840 501 1899; x_wconf 90' lang='lat' dir='ltr'>amicam.</span> <span class='ocrx_word' id='word_1_135' title='bbox 547 1831 616 1919; x_wconf 81' lang='lat' dir='ltr'>Syr.</span> <span class='ocrx_word' id='word_1_136' title='bbox 640 1840 719 1900; x_wconf 81' lang='lat' dir='ltr'>sent.</span> <span class='ocrx_word' id='word_1_137' title='bbox 743 1837 805 1901; x_wconf 93' lang='grc'>799</span> <span class='ocrx_word' id='word_1_138' title='bbox 827 1839 994 1917; x_wconf 85' lang='lat' dir='ltr'>proximum</span> <span class='ocrx_word' id='word_1_139' title='bbox 1018 1839 1056 1899; x_wconf 86' lang='lat' dir='ltr'>ad</span> <span class='ocrx_word' id='word_1_140' title='bbox 1082 1839 1279 1897; x_wconf 77' lang='lat' dir='ltr'>innocentiam</span> <span class='ocrx_word' id='word_1_141' title='bbox 1300 1840 1404 1897; x_wconf 89' lang='lat' dir='ltr'>locum.</span> 
     </span>
     <span class='ocr_line' id='line_1_16' title="bbox 246 1936 767 2018; baseline -0.002 -16"><span class='ocrx_word' id='word_1_142' title='bbox 246 1936 354 2003; x_wconf 87' lang='lat' dir='ltr'>Anon.</span> <span class='ocrx_word' id='word_1_143' title='bbox 377 1937 461 2002; x_wconf 88' lang='grc'>1111111.</span> <span class='ocrx_word' id='word_1_144' title='bbox 485 1939 566 2002; x_wconf 77' lang='grc'>5111</span> <span class='ocrx_word' id='word_1_145' title='bbox 589 1963 679 2018; x_wconf 88' lang='lat' dir='ltr'>aquas</span> <span class='ocrx_word' id='word_1_146' title='bbox 701 1943 767 2001; x_wconf 86' lang='lat' dir='ltr'>fuit.</span> 
     </span>
    </p>

    <p class='ocr_par' dir='ltr' id='par_1_3' title="bbox 245 2039 1407 2838">
     <span class='ocr_line' id='line_1_17' title="bbox 332 2039 1405 2122; baseline -0.002 -19"><span class='ocrx_word' id='word_1_147' title='bbox 332 2041 424 2122; x_wconf 73' lang='lat' dir='ltr'>Apud</span> <span class='ocrx_word' id='word_1_148' title='bbox 445 2039 524 2105; x_wconf 77' lang='lat' dir='ltr'>Ace.</span> <span class='ocrx_word' id='word_1_149' title='bbox 547 2041 609 2104; x_wconf 92' lang='grc'>277</span> <span class='ocrx_word' id='word_1_150' title='bbox 633 2045 745 2102; x_wconf 88' lang='lat' dir='ltr'><strong>Adsum</strong></span> <span class='ocrx_word' id='word_1_151' title='bbox 767 2044 847 2121; x_wconf 90' lang='lat' dir='ltr'>apud</span> <span class='ocrx_word' id='word_1_152' title='bbox 867 2049 905 2102; x_wconf 90' lang='lat' dir='ltr'>te.</span> <span class='ocrx_word' id='word_1_153' title='bbox 950 2039 1011 2103; x_wconf 88' lang='grc'>297</span> <span class='ocrx_word' id='word_1_154' title='bbox 1028 2042 1117 2120; x_wconf 87' lang='lat' dir='ltr'><strong>Apud</strong></span> <span class='ocrx_word' id='word_1_155' title='bbox 1137 2043 1333 2102; x_wconf 78' lang='lat' dir='ltr'>abundantem</span> <span class='ocrx_word' id='word_1_156' title='bbox 1353 2064 1405 2101; x_wconf 91' lang='lat' dir='ltr'>an·</span> 
     </span>
     <span class='ocr_line' id='line_1_18' title="bbox 245 2142 1405 2224; baseline -0.003 -18"><span class='ocrx_word' id='word_1_157' title='bbox 245 2148 358 2224; x_wconf 87' lang='lat' dir='ltr'>tiquam</span> <span class='ocrx_word' id='word_1_158' title='bbox 381 2166 494 2206; x_wconf 88' lang='lat' dir='ltr'>amnem</span> <span class='ocrx_word' id='word_1_159' title='bbox 517 2151 546 2205; x_wconf 90' lang='grc'>11</span> <span class='ocrx_word' id='word_1_160' title='bbox 568 2146 687 2224; x_wconf 87' lang='lat' dir='ltr'>rapidas</span> <span class='ocrx_word' id='word_1_161' title='bbox 709 2145 802 2205; x_wconf 89' lang='lat' dir='ltr'>undas</span> <span class='ocrx_word' id='word_1_162' title='bbox 824 2145 934 2204; x_wconf 86' lang='lat' dir='ltr'>lnachi.</span> <span class='ocrx_word' id='word_1_163' title='bbox 979 2142 1040 2204; x_wconf 83' lang='lat'>342</span> <span class='ocrx_word' id='word_1_164' title='bbox 1065 2144 1154 2222; x_wconf 87' lang='lat' dir='ltr'><strong>Apud</strong></span> <span class='ocrx_word' id='word_1_165' title='bbox 1180 2147 1277 2223; x_wconf 89' lang='lat' dir='ltr'>ipsum</span> <span class='ocrx_word' id='word_1_166' title='bbox 1304 2146 1405 2204; x_wconf 84' lang='lat' dir='ltr'>adstas</span> 
     </span>
     <span class='ocr_line' id='line_1_19' title="bbox 245 2243 1405 2327; baseline -0.003 -17"><span class='ocrx_word' id='word_1_167' title='bbox 245 2243 356 2327; x_wconf 67' lang='grc' dir='ltr'>1Νο111</span> <span class='ocrx_word' id='word_1_168' title='bbox 377 2274 409 2299; x_wconf 89' lang='lat'><em>=</em></span> <span class='ocrx_word' id='word_1_169' title='bbox 428 2243 537 2326; x_wconf 76' lang='lat' dir='ltr'>iuxta).</span> <span class='ocrx_word' id='word_1_170' title='bbox 582 2245 645 2309; x_wconf 88' lang='grc'>408</span> <span class='ocrx_word' id='word_1_171' title='bbox 660 2248 749 2326; x_wconf 86' lang='lat' dir='ltr'>Apud</span> <span class='ocrx_word' id='word_1_172' title='bbox 762 2254 908 2308; x_wconf 88' lang='lat' dir='ltr'>vetustam</span> <span class='ocrx_word' id='word_1_173' title='bbox 923 2254 1040 2306; x_wconf 88' lang='lat' dir='ltr'>turrem.</span> <span class='ocrx_word' id='word_1_174' title='bbox 1074 2244 1136 2307; x_wconf 93' lang='grc'>448</span> <span class='ocrx_word' id='word_1_175' title='bbox 1151 2249 1293 2306; x_wconf 88' lang='lat' dir='ltr'>Remanet</span> <span class='ocrx_word' id='word_1_176' title='bbox 1307 2248 1405 2323; x_wconf 82' lang='lat' dir='ltr'>gloria</span> 
     </span>
     <span class='ocr_line' id='line_1_20' title="bbox 246 2343 1405 2428; baseline -0.002 -18"><span class='ocrx_word' id='word_1_177' title='bbox 246 2351 325 2428; x_wconf 90' lang='lat' dir='ltr'>apud</span> <span class='ocrx_word' id='word_1_178' title='bbox 350 2371 403 2409; x_wconf 89' lang='lat' dir='ltr'>me.</span> <span class='ocrx_word' id='word_1_179' title='bbox 447 2344 597 2412; x_wconf 75' lang='grc'>11111111.</span> <span class='ocrx_word' id='word_1_180' title='bbox 624 2351 705 2428; x_wconf 76' lang='lat' dir='ltr'>trag.</span> <span class='ocrx_word' id='word_1_181' title='bbox 731 2348 794 2412; x_wconf 88' lang='grc'>206</span> <span class='ocrx_word' id='word_1_182' title='bbox 822 2351 901 2428; x_wconf 90' lang='lat' dir='ltr'>apud</span> <span class='ocrx_word' id='word_1_183' title='bbox 927 2351 1073 2408; x_wconf 80' lang='lat' dir='ltr'>Lacaenas</span> <span class='ocrx_word' id='word_1_184' title='bbox 1100 2350 1238 2424; x_wconf 81' lang='lat' dir='ltr'>virgines.</span> <span class='ocrx_word' id='word_1_185' title='bbox 1281 2343 1405 2428; x_wconf 74' lang='lat' dir='ltr'>Turpil.</span> 
     </span>
     <span class='ocr_line' id='line_1_21' title="bbox 249 2449 1407 2530; baseline -0.002 -18"><span class='ocrx_word' id='word_1_186' title='bbox 249 2450 310 2513; x_wconf 86' lang='grc'>125</span> <span class='ocrx_word' id='word_1_187' title='bbox 333 2452 412 2530; x_wconf 87' lang='lat' dir='ltr'>apud</span> <span class='ocrx_word' id='word_1_188' title='bbox 438 2452 535 2528; x_wconf 82' lang='lat' dir='ltr'>ignem</span> <span class='ocrx_word' id='word_1_189' title='bbox 563 2454 689 2530; x_wconf 86' lang='lat' dir='ltr'>aliquem</span> <span class='ocrx_word' id='word_1_190' title='bbox 717 2473 854 2528; x_wconf 80' lang='lat' dir='ltr'>magnum</span> <span class='ocrx_word' id='word_1_191' title='bbox 882 2452 1021 2511; x_wconf 87' lang='lat' dir='ltr'>adsidam.</span> <span class='ocrx_word' id='word_1_192' title='bbox 1068 2449 1126 2511; x_wconf 92' lang='grc'>187</span> <span class='ocrx_word' id='word_1_193' title='bbox 1151 2452 1407 2529; x_wconf 72' lang='lat' dir='ltr'>condixerantque</span> 
     </span>
     <span class='ocr_line' id='line_1_22' title="bbox 247 2548 1406 2633; baseline -0.002 -19"><span class='ocrx_word' id='word_1_194' title='bbox 247 2576 347 2614; x_wconf 89' lang='lat' dir='ltr'>cenam</span> <span class='ocrx_word' id='word_1_195' title='bbox 379 2556 457 2632; x_wconf 91' lang='lat' dir='ltr'>apud</span> <span class='ocrx_word' id='word_1_196' title='bbox 487 2575 541 2614; x_wconf 92' lang='lat' dir='ltr'>me.</span> <span class='ocrx_word' id='word_1_197' title='bbox 591 2549 687 2615; x_wconf 75' lang='lat' dir='ltr'>Titin.</span> <span class='ocrx_word' id='word_1_198' title='bbox 710 2552 749 2615; x_wconf 89' lang='grc'>61</span> <span class='ocrx_word' id='word_1_199' title='bbox 783 2555 862 2633; x_wconf 89' lang='lat' dir='ltr'>apud</span> <span class='ocrx_word' id='word_1_200' title='bbox 891 2561 929 2612; x_wconf 90' lang='lat' dir='ltr'>te.</span> <span class='ocrx_word' id='word_1_201' title='bbox 972 2548 1056 2614; x_wconf 80' lang='lat' dir='ltr'>Atta</span> <span class='ocrx_word' id='word_1_202' title='bbox 1089 2551 1128 2613; x_wconf 93' lang='grc'>10</span> <span class='ocrx_word' id='word_1_203' title='bbox 1159 2555 1238 2632; x_wconf 90' lang='lat' dir='ltr'>apud</span> <span class='ocrx_word' id='word_1_204' title='bbox 1268 2574 1406 2613; x_wconf 87' lang='lat' dir='ltr'>mensam.</span> 
     </span>
     <span class='ocr_line' id='line_1_23' title="bbox 246 2651 1406 2734; baseline -0.003 -16"><span class='ocrx_word' id='word_1_205' title='bbox 246 2651 360 2718; x_wconf 79' lang='lat' dir='ltr'>Afran.</span> <span class='ocrx_word' id='word_1_206' title='bbox 384 2654 425 2718; x_wconf 93' lang='grc'>38</span> <span class='ocrx_word' id='word_1_207' title='bbox 452 2657 519 2716; x_wconf 90' lang='lat' dir='ltr'>Non</span> <span class='ocrx_word' id='word_1_208' title='bbox 550 2678 613 2716; x_wconf 87' lang='lat' dir='ltr'>sum</span> <span class='ocrx_word' id='word_1_209' title='bbox 644 2658 723 2734; x_wconf 92' lang='lat' dir='ltr'>apud</span> <span class='ocrx_word' id='word_1_210' title='bbox 753 2678 805 2715; x_wconf 91' lang='lat' dir='ltr'>me.</span> <span class='ocrx_word' id='word_1_211' title='bbox 849 2651 962 2734; x_wconf 90' lang='lat' dir='ltr'>Pomp.</span> <span class='ocrx_word' id='word_1_212' title='bbox 985 2651 1067 2716; x_wconf 85' lang='lat' dir='ltr'>Bon.</span> <span class='ocrx_word' id='word_1_213' title='bbox 1101 2654 1161 2718; x_wconf 90' lang='grc'>168</span> <span class='ocrx_word' id='word_1_214' title='bbox 1194 2657 1272 2734; x_wconf 89' lang='lat' dir='ltr'>apud</span> <span class='ocrx_word' id='word_1_215' title='bbox 1302 2657 1406 2715; x_wconf 88' lang='lat' dir='ltr'>forum.</span> 
     </span>
     <span class='ocr_line' id='line_1_24' title="bbox 247 2751 1144 2838; baseline -0.004 -18"><span class='ocrx_word' id='word_1_216' title='bbox 247 2753 329 2820; x_wconf 85' lang='lat' dir='ltr'>Nov.</span> <span class='ocrx_word' id='word_1_217' title='bbox 355 2757 395 2820; x_wconf 88' lang='grc'>78</span> <span class='ocrx_word' id='word_1_218' title='bbox 418 2760 496 2836; x_wconf 89' lang='lat' dir='ltr'>apud</span> <span class='ocrx_word' id='word_1_219' title='bbox 519 2780 556 2818; x_wconf 88' lang='grc'>11.</span> <span class='ocrx_word' id='word_1_220' title='bbox 602 2751 672 2838; x_wconf 83' lang='lat' dir='ltr'>Syr.</span> <span class='ocrx_word' id='word_1_221' title='bbox 695 2758 774 2818; x_wconf 84' lang='lat' dir='ltr'>sent.</span> <span class='ocrx_word' id='word_1_222' title='bbox 797 2756 861 2818; x_wconf 90' lang='grc'>260</span> <span class='ocrx_word' id='word_1_223' title='bbox 883 2760 962 2835; x_wconf 88' lang='lat' dir='ltr'>apud</span> <span class='ocrx_word' id='word_1_224' title='bbox 983 2759 1144 2833; x_wconf 81' lang='lat' dir='ltr'>indignum.</span> 
     </span>
    </p>

    <p class='ocr_par' dir='ltr' id='par_1_4' title="bbox 249 2855 1408 3125">
     <span class='ocr_line' id='line_1_25' title="bbox 335 2855 1406 2937; baseline 0 -18"><span class='ocrx_word' id='word_1_225' title='bbox 335 2857 502 2919; x_wconf 72' lang='lat' dir='ltr'>Advorsum</span> <span class='ocrx_word' id='word_1_226' title='bbox 525 2855 678 2920; x_wconf 74' lang='grc'>1111155</span> <span class='ocrx_word' id='word_1_227' title='bbox 702 2861 857 2920; x_wconf 87' lang='lat' dir='ltr'>advorsum</span> <span class='ocrx_word' id='word_1_228' title='bbox 876 2861 961 2919; x_wconf 92' lang='lat' dir='ltr'>illum</span> <span class='ocrx_word' id='word_1_229' title='bbox 980 2881 1027 2920; x_wconf 85' lang='lat' dir='ltr'>res</span> <span class='ocrx_word' id='word_1_230' title='bbox 1042 2882 1108 2920; x_wconf 87' lang='lat' dir='ltr'>suas</span> <span class='ocrx_word' id='word_1_231' title='bbox 1124 2861 1319 2937; x_wconf 88' lang='lat' dir='ltr'>conqueritur.</span> <span class='ocrx_word' id='word_1_232' title='bbox 1365 2857 1406 2921; x_wconf 88' lang='grc'>65</span> 
     </span>
     <span class='ocr_line' id='line_1_26' title="bbox 249 2957 1408 3040; baseline -0.001 -18"><span class='ocrx_word' id='word_1_233' title='bbox 249 2962 321 3040; x_wconf 92' lang='lat' dir='ltr'>quid</span> <span class='ocrx_word' id='word_1_234' title='bbox 344 2982 397 3038; x_wconf 81' lang='lat' dir='ltr'>ego</span> <span class='ocrx_word' id='word_1_235' title='bbox 420 2963 475 3021; x_wconf 85' lang='lat' dir='ltr'>faoi</span> <span class='ocrx_word' id='word_1_236' title='bbox 496 2967 527 3022; x_wconf 88' lang='lat' dir='ltr'>tc</span> <span class='ocrx_word' id='word_1_237' title='bbox 550 2963 705 3022; x_wconf 85' lang='lat' dir='ltr'>advorsum</span> <span class='ocrx_word' id='word_1_238' title='bbox 727 2967 779 3021; x_wconf 91' lang='lat' dir='ltr'>aut</span> <span class='ocrx_word' id='word_1_239' title='bbox 800 2969 914 3040; x_wconf 90' lang='lat' dir='ltr'>patrem</span> <span class='ocrx_word' id='word_1_240' title='bbox 928 2983 1031 3021; x_wconf 90' lang='lat' dir='ltr'>meum.</span> <span class='ocrx_word' id='word_1_241' title='bbox 1075 2957 1190 3022; x_wconf 81' lang='lat' dir='ltr'>Airan.</span> <span class='ocrx_word' id='word_1_242' title='bbox 1209 2959 1269 3022; x_wconf 89' lang='lat'>148</span> <span class='ocrx_word' id='word_1_243' title='bbox 1285 2962 1329 3020; x_wconf 90' lang='lat' dir='ltr'>De</span> <span class='ocrx_word' id='word_1_244' title='bbox 1344 2963 1408 3022; x_wconf 88' lang='lat' dir='ltr'>vita</span> 
     </span>
     <span class='ocr_line' id='line_1_27' title="bbox 249 3064 1167 3125; baseline 0 -1"><span class='ocrx_word' id='word_1_245' title='bbox 249 3085 282 3124; x_wconf 89' lang='lat' dir='ltr'>ao</span> <span class='ocrx_word' id='word_1_246' title='bbox 304 3070 398 3124; x_wconf 88' lang='lat' dir='ltr'>morte</span> <span class='ocrx_word' id='word_1_247' title='bbox 420 3064 531 3124; x_wconf 90' lang='lat' dir='ltr'>domini</span> <span class='ocrx_word' id='word_1_248' title='bbox 554 3067 726 3125; x_wconf 82' lang='lat' dir='ltr'>fabulabare</span> <span class='ocrx_word' id='word_1_249' title='bbox 747 3064 912 3124; x_wconf 83' lang='lat' dir='ltr'>Advorsum</span> <span class='ocrx_word' id='word_1_250' title='bbox 934 3066 1055 3124; x_wconf 86' lang='lat' dir='ltr'>fratrem</span> <span class='ocrx_word' id='word_1_251' title='bbox 1077 3065 1167 3124; x_wconf 90' lang='lat' dir='ltr'>illius.</span> 
     </span>
    </p>

    <p class='ocr_par' dir='ltr' id='par_1_5' title="bbox 249 3161 1408 3739">
     <span class='ocr_line' id='line_1_28' title="bbox 338 3161 1407 3246; baseline 0.002 -22"><span class='ocrx_word' id='word_1_252' title='bbox 338 3164 417 3225; x_wconf 79' lang='lat' dir='ltr'>Ante</span> <span class='ocrx_word' id='word_1_253' title='bbox 438 3162 623 3228; x_wconf 88' lang='lat' dir='ltr'>adverbium</span> <span class='ocrx_word' id='word_1_254' title='bbox 646 3168 694 3228; x_wconf 90' lang='lat' dir='ltr'>est</span> <span class='ocrx_word' id='word_1_255' title='bbox 715 3161 828 3227; x_wconf 77' lang='lat' dir='ltr'>afran.</span> <span class='ocrx_word' id='word_1_256' title='bbox 851 3164 923 3228; x_wconf 85' lang='lat'>308.</span> <span class='ocrx_word' id='word_1_257' title='bbox 946 3163 1012 3246; x_wconf 82' lang='lat' dir='ltr'>Syr.</span> <span class='ocrx_word' id='word_1_258' title='bbox 1036 3168 1115 3226; x_wconf 87' lang='lat' dir='ltr'>sent.</span> <span class='ocrx_word' id='word_1_259' title='bbox 1140 3164 1199 3226; x_wconf 85' lang='lat'>151</span> <span class='ocrx_word' id='word_1_260' title='bbox 1223 3171 1291 3225; x_wconf 85' lang='lat' dir='ltr'>ante</span> <span class='ocrx_word' id='word_1_261' title='bbox 1312 3167 1407 3226; x_wconf 79' lang='lat' dir='ltr'>factis.</span> 
     </span>
     <span class='ocr_line' id='line_1_29' title="bbox 250 3263 1407 3349; baseline -0.003 -19"><span class='ocrx_word' id='word_1_262' title='bbox 250 3267 320 3331; x_wconf 85' lang='grc'>689.</span> <span class='ocrx_word' id='word_1_263' title='bbox 363 3263 565 3349; x_wconf 87' lang='lat' dir='ltr'>Praepositio</span> <span class='ocrx_word' id='word_1_264' title='bbox 588 3265 704 3330; x_wconf 85' lang='lat' dir='ltr'>dicitur</span> <span class='ocrx_word' id='word_1_265' title='bbox 725 3267 755 3348; x_wconf 92' lang='grc'>1)</span> <span class='ocrx_word' id='word_1_266' title='bbox 777 3265 910 3330; x_wconf 90' lang='lat' dir='ltr'>deloco</span> <span class='ocrx_word' id='word_1_267' title='bbox 932 3264 1012 3330; x_wconf 83' lang='lat' dir='ltr'>Aeo.</span> <span class='ocrx_word' id='word_1_268' title='bbox 1035 3267 1095 3328; x_wconf 89' lang='grc'>146</span> <span class='ocrx_word' id='word_1_269' title='bbox 1119 3274 1187 3328; x_wconf 82' lang='lat' dir='ltr'>ante</span> <span class='ocrx_word' id='word_1_270' title='bbox 1209 3269 1306 3327; x_wconf 86' lang='lat' dir='ltr'>oeulos</span> <span class='ocrx_word' id='word_1_271' title='bbox 1328 3270 1407 3347; x_wconf 85' lang='lat' dir='ltr'>posi-</span> 
     </span>
     <span class='ocr_line' id='line_1_30' title="bbox 249 3366 1408 3451; baseline -0.003 -19"><span class='ocrx_word' id='word_1_272' title='bbox 249 3379 317 3432; x_wconf 81' lang='lat' dir='ltr'>tam.</span> <span class='ocrx_word' id='word_1_273' title='bbox 362 3366 483 3451; x_wconf 78' lang='lat' dir='ltr'>Turpil.</span> <span class='ocrx_word' id='word_1_274' title='bbox 509 3370 569 3433; x_wconf 83' lang='lat'>153</span> <span class='ocrx_word' id='word_1_275' title='bbox 602 3377 670 3432; x_wconf 87' lang='lat' dir='ltr'>ante</span> <span class='ocrx_word' id='word_1_276' title='bbox 701 3372 815 3430; x_wconf 86' lang='lat' dir='ltr'>ostium.</span> <span class='ocrx_word' id='word_1_277' title='bbox 859 3367 894 3447; x_wconf 91' lang='lat' dir='ltr'>b)</span> <span class='ocrx_word' id='word_1_278' title='bbox 917 3367 956 3432; x_wconf 91' lang='lat' dir='ltr'>de</span> <span class='ocrx_word' id='word_1_279' title='bbox 978 3371 1122 3450; x_wconf 86' lang='lat' dir='ltr'>tempore</span> <span class='ocrx_word' id='word_1_280' title='bbox 1143 3366 1223 3431; x_wconf 82' lang='lat' dir='ltr'>Aoo</span> <span class='ocrx_word' id='word_1_281' title='bbox 1250 3368 1310 3431; x_wconf 83' lang='lat'>128</span> <span class='ocrx_word' id='word_1_282' title='bbox 1339 3376 1408 3429; x_wconf 84' lang='lat' dir='ltr'>ante</span> 
     </span>
     <span class='ocr_line' id='line_1_31' title="bbox 250 3462 1408 3548; baseline -0.003 -15"><span class='ocrx_word' id='word_1_283' title='bbox 250 3481 372 3533; x_wconf 84' lang='lat' dir='ltr'>noctem.</span> <span class='ocrx_word' id='word_1_284' title='bbox 410 3462 483 3535; x_wconf 56' lang='grc' dir='ltr'>Ι’498</span> <span class='ocrx_word' id='word_1_285' title='bbox 510 3481 579 3533; x_wconf 83' lang='lat' dir='ltr'>ante</span> <span class='ocrx_word' id='word_1_286' title='bbox 606 3493 752 3548; x_wconf 84' lang='lat' dir='ltr'>auroram,</span> <span class='ocrx_word' id='word_1_287' title='bbox 778 3474 928 3532; x_wconf 88' lang='lat' dir='ltr'>radiorum</span> <span class='ocrx_word' id='word_1_288' title='bbox 956 3474 1110 3533; x_wconf 85' lang='lat' dir='ltr'>ardentum</span> <span class='ocrx_word' id='word_1_289' title='bbox 1135 3473 1269 3531; x_wconf 90' lang='lat' dir='ltr'>indicem.</span> <span class='ocrx_word' id='word_1_290' title='bbox 1314 3474 1345 3548; x_wconf 88' lang='lat' dir='ltr'>o)</span> <span class='ocrx_word' id='word_1_291' title='bbox 1368 3467 1408 3530; x_wconf 90' lang='lat' dir='ltr'>de</span> 
     </span>
     <span class='ocr_line' id='line_1_32' title="bbox 249 3570 1406 3654; baseline -0.003 -18"><span class='ocrx_word' id='word_1_292' title='bbox 249 3591 285 3636; x_wconf 84' lang='lat' dir='ltr'>re</span> <span class='ocrx_word' id='word_1_293' title='bbox 307 3570 517 3654; x_wconf 84' lang='lat' dir='ltr'>praeferenda</span> <span class='ocrx_word' id='word_1_294' title='bbox 538 3570 615 3636; x_wconf 79' lang='lat' dir='ltr'>Pac.</span> <span class='ocrx_word' id='word_1_295' title='bbox 640 3573 701 3635; x_wconf 90' lang='grc'>120</span> <span class='ocrx_word' id='word_1_296' title='bbox 724 3596 809 3653; x_wconf 88' lang='lat' dir='ltr'>quem</span> <span class='ocrx_word' id='word_1_297' title='bbox 837 3577 914 3636; x_wconf 91' lang='lat' dir='ltr'>fama</span> <span class='ocrx_word' id='word_1_298' title='bbox 937 3576 1027 3636; x_wconf 83' lang='lat' dir='ltr'>Graia</span> <span class='ocrx_word' id='word_1_299' title='bbox 1049 3581 1118 3635; x_wconf 86' lang='lat' dir='ltr'>ante</span> <span class='ocrx_word' id='word_1_300' title='bbox 1145 3576 1239 3634; x_wconf 88' lang='lat' dir='ltr'>omnis</span> <span class='ocrx_word' id='word_1_301' title='bbox 1264 3575 1406 3634; x_wconf 85' lang='lat' dir='ltr'>nobilitat</span> 
     </span>
     <span class='ocr_line' id='line_1_33' title="bbox 250 3699 337 3739; baseline 0 -1"><span class='ocrx_word' id='word_1_302' title='bbox 250 3699 337 3739; x_wconf 80' lang='lat' dir='ltr'>viros.</span> 
     </span>
    </p>

    <p class='ocr_par' dir='ltr' id='par_1_6' title="bbox 251 3774 1413 4369">
     <span class='ocr_line' id='line_1_34' title="bbox 343 3774 1410 3855; baseline -0.005 -15"><span class='ocrx_word' id='word_1_303' title='bbox 343 3776 456 3840; x_wconf 75' lang='lat' dir='ltr'>Contra</span> <span class='ocrx_word' id='word_1_304' title='bbox 480 3774 664 3841; x_wconf 76' lang='lat' dir='ltr'>adverbium</span> <span class='ocrx_word' id='word_1_305' title='bbox 692 3782 741 3841; x_wconf 85' lang='lat' dir='ltr'>est</span> <span class='ocrx_word' id='word_1_306' title='bbox 761 3776 838 3842; x_wconf 80' lang='lat' dir='ltr'>Pac.</span> <span class='ocrx_word' id='word_1_307' title='bbox 861 3778 921 3842; x_wconf 93' lang='grc'>281</span> <span class='ocrx_word' id='word_1_308' title='bbox 956 3782 1001 3840; x_wconf 85' lang='lat' dir='ltr'>fac</span> <span class='ocrx_word' id='word_1_309' title='bbox 1031 3786 1065 3839; x_wconf 92' lang='lat' dir='ltr'>tu</span> <span class='ocrx_word' id='word_1_310' title='bbox 1095 3785 1197 3838; x_wconf 90' lang='lat' dir='ltr'>contra</span> <span class='ocrx_word' id='word_1_311' title='bbox 1226 3778 1299 3837; x_wconf 92' lang='lat' dir='ltr'>mihi</span> <span class='ocrx_word' id='word_1_312' title='bbox 1330 3779 1410 3855; x_wconf 93' lang='lat' dir='ltr'>quod</span> 
     </span>
     <span class='ocr_line' id='line_1_35' title="bbox 251 3878 1408 3960; baseline -0.003 -19"><span class='ocrx_word' id='word_1_313' title='bbox 251 3901 323 3958; x_wconf 82' lang='lat' dir='ltr'>rogo</span> <span class='ocrx_word' id='word_1_314' title='bbox 346 3881 528 3960; x_wconf 87' lang='lat' dir='ltr'>respondeas.</span> <span class='ocrx_word' id='word_1_315' title='bbox 573 3880 644 3943; x_wconf 90' lang='grc'>372.</span> <span class='ocrx_word' id='word_1_316' title='bbox 687 3879 767 3944; x_wconf 88' lang='lat' dir='ltr'>Aoo.</span> <span class='ocrx_word' id='word_1_317' title='bbox 791 3882 851 3943; x_wconf 89' lang='lat'>541</span> <span class='ocrx_word' id='word_1_318' title='bbox 876 3884 986 3943; x_wconf 85' lang='lat' dir='ltr'>Contra</span> <span class='ocrx_word' id='word_1_319' title='bbox 1014 3888 1058 3942; x_wconf 90' lang='grc'>111</span> <span class='ocrx_word' id='word_1_320' title='bbox 1085 3883 1218 3941; x_wconf 90' lang='lat' dir='ltr'>eundum.</span> <span class='ocrx_word' id='word_1_321' title='bbox 1263 3878 1326 3940; x_wconf 87' lang='lat'>310</span> <span class='ocrx_word' id='word_1_322' title='bbox 1350 3879 1408 3956; x_wconf 85' lang='lat' dir='ltr'>[at]</span> 
     </span>
     <span class='ocr_line' id='line_1_36' title="bbox 252 3978 1410 4064; baseline -0.003 -21"><span class='ocrx_word' id='word_1_323' title='bbox 252 3990 360 4044; x_wconf 79' lang='lat' dir='ltr'>contra</span> <span class='ocrx_word' id='word_1_324' title='bbox 413 3978 613 4064; x_wconf 79' lang='lat' dir='ltr'>Praepositio</span> <span class='ocrx_word' id='word_1_325' title='bbox 641 3980 720 4047; x_wconf 76' lang='lat' dir='ltr'>Aoo·</span> <span class='ocrx_word' id='word_1_326' title='bbox 748 3983 811 4045; x_wconf 92' lang='grc'>476</span> <span class='ocrx_word' id='word_1_327' title='bbox 838 3987 891 4044; x_wconf 92' lang='lat' dir='ltr'>ubi</span> <span class='ocrx_word' id='word_1_328' title='bbox 917 3986 960 4043; x_wconf 93' lang='lat' dir='ltr'>nil</span> <span class='ocrx_word' id='word_1_329' title='bbox 988 3990 1089 4044; x_wconf 86' lang='lat' dir='ltr'>contra</span> <span class='ocrx_word' id='word_1_330' title='bbox 1115 3984 1260 4043; x_wconf 92' lang='lat' dir='ltr'>rationem</span> <span class='ocrx_word' id='word_1_331' title='bbox 1287 4003 1410 4059; x_wconf 90' lang='lat' dir='ltr'>aequam</span> 
     </span>
     <span class='ocr_line' id='line_1_37' title="bbox 251 4081 1409 4165; baseline -0.002 -20"><span class='ocrx_word' id='word_1_332' title='bbox 251 4086 363 4146; x_wconf 83' lang='lat' dir='ltr'>habuit</span> <span class='ocrx_word' id='word_1_333' title='bbox 408 4084 471 4148; x_wconf 88' lang='grc'>538</span> <span class='ocrx_word' id='word_1_334' title='bbox 494 4109 579 4165; x_wconf 88' lang='lat' dir='ltr'>quem</span> <span class='ocrx_word' id='word_1_335' title='bbox 601 4108 696 4165; x_wconf 89' lang='lat' dir='ltr'>neque</span> <span class='ocrx_word' id='word_1_336' title='bbox 717 4089 795 4148; x_wconf 89' lang='lat' dir='ltr'>tueri</span> <span class='ocrx_word' id='word_1_337' title='bbox 811 4093 911 4146; x_wconf 87' lang='lat' dir='ltr'>contra</span> <span class='ocrx_word' id='word_1_338' title='bbox 930 4108 984 4145; x_wconf 90' lang='lat' dir='ltr'>nec</span> <span class='ocrx_word' id='word_1_339' title='bbox 998 4088 1055 4145; x_wconf 85' lang='lat' dir='ltr'>fari</span> <span class='ocrx_word' id='word_1_340' title='bbox 1070 4107 1167 4163; x_wconf 86' lang='lat' dir='ltr'>queas.</span> <span class='ocrx_word' id='word_1_341' title='bbox 1211 4081 1291 4145; x_wconf 84' lang='lat' dir='ltr'>Aeo.</span> <span class='ocrx_word' id='word_1_342' title='bbox 1306 4085 1409 4163; x_wconf 82' lang='lat' dir='ltr'>praet.</span> 
     </span>
     <span class='ocr_line' id='line_1_38' title="bbox 252 4184 1409 4250; baseline -0.006 -1"><span class='ocrx_word' id='word_1_343' title='bbox 252 4186 271 4249; x_wconf 84' lang='lat'><strong>3</strong></span> <span class='ocrx_word' id='word_1_344' title='bbox 295 4189 363 4248; x_wconf 90' lang='lat' dir='ltr'>Vim</span> <span class='ocrx_word' id='word_1_345' title='bbox 389 4189 532 4250; x_wconf 83' lang='lat' dir='ltr'>Gallicam</span> <span class='ocrx_word' id='word_1_346' title='bbox 555 4224 596 4234; x_wconf 91' lang='lat'>—-</span> <span class='ocrx_word' id='word_1_347' title='bbox 619 4196 728 4250; x_wconf 81' lang='lat' dir='ltr'>contra</span> <span class='ocrx_word' id='word_1_348' title='bbox 772 4184 886 4250; x_wconf 79' lang='lat' dir='ltr'>Afran.</span> <span class='ocrx_word' id='word_1_349' title='bbox 910 4188 948 4249; x_wconf 90' lang='grc'>91</span> <span class='ocrx_word' id='word_1_350' title='bbox 973 4188 1070 4248; x_wconf 87' lang='lat' dir='ltr'>Viden</span> <span class='ocrx_word' id='word_1_351' title='bbox 1096 4193 1131 4246; x_wconf 86' lang='lat' dir='ltr'>ut</span> <span class='ocrx_word' id='word_1_352' title='bbox 1157 4188 1281 4246; x_wconf 89' lang='lat' dir='ltr'>facunde</span> <span class='ocrx_word' id='word_1_353' title='bbox 1303 4187 1409 4244; x_wconf 79' lang='lat' dir='ltr'>contra</span> 
     </span>
     <span class='ocr_line' id='line_1_39' title="bbox 251 4286 1413 4369; baseline -0.004 -19"><span class='ocrx_word' id='word_1_354' title='bbox 251 4291 380 4352; x_wconf 85' lang='lat' dir='ltr'>causaris</span> <span class='ocrx_word' id='word_1_355' title='bbox 393 4294 519 4369; x_wconf 74' lang='lat' dir='ltr'>patrem.</span> <span class='ocrx_word' id='word_1_356' title='bbox 562 4286 680 4357; x_wconf 72' lang='lat' dir='ltr'>haber.</span> <span class='ocrx_word' id='word_1_357' title='bbox 698 4289 737 4352; x_wconf 92' lang='grc'>73</span> <span class='ocrx_word' id='word_1_358' title='bbox 754 4297 855 4351; x_wconf 88' lang='lat' dir='ltr'>oontra</span> <span class='ocrx_word' id='word_1_359' title='bbox 870 4297 1004 4351; x_wconf 85' lang='lat' dir='ltr'>exortum</span> <span class='ocrx_word' id='word_1_360' title='bbox 1018 4290 1206 4367; x_wconf 87' lang='lat' dir='ltr'>Hyperionis.</span> <span class='ocrx_word' id='word_1_361' title='bbox 1251 4287 1292 4349; x_wconf 91' lang='grc'>83</span> <span class='ocrx_word' id='word_1_362' title='bbox 1307 4293 1413 4348; x_wconf 86' lang='lat' dir='ltr'>contra</span> 
     </span>
    </p>
   </div>
   <div class='ocr_carea' id='block_1_3' title="bbox 0 0 1536 4950">
    <p class='ocr_par' dir='ltr' id='par_1_7' title="bbox 0 0 1536 4950">
     <span class='ocr_line' id='line_1_40' title="bbox 0 0 1536 4950; baseline 0 0"><span class='ocrx_word' id='word_1_363' title='bbox 0 0 1536 4950; x_wconf 95' lang='lat' dir='ltr'> </span> 
     </span>
    </p>
   </div>
  </div>
 </body>
</html>
