3038 4950
722 297 936 358 „28-

251 473 331 532 viris.
377 469 418 532 64
446 492 510 529 oum
541 491 637 547 syrma
668 470 762 528 simul.
808 466 845 529 81
880 489 968 544 agere
998 476 1101 528 tecum.
1147 467 1188 527 96
1219 490 1312 546 pauca
1343 477 1414 529 sunt

252 575 360 633 Tecum
382 594 457 651 quae
478 574 554 631 volo.
600 570 661 632 133
683 572 825 631 Meretrix
847 593 911 629 oum
929 577 1009 631 veste
1024 571 1132 644 longa?
1161 566 1273 650 Pomp.
1289 567 1373 633 Bon.
1395 572 1410 632 1

251 683 347 735 tecum
369 676 435 734 lusi.
482 673 520 734 73
544 674 616 733 Cum
639 675 857 734 contubernalei
885 675 1023 753 pugnavi.
1071 672 1131 733 113
1155 695 1219 731 oum
1240 695 1299 733 uno
1327 695 1414 734 servo

252 813 293 822 —
315 779 456 836 intestato
483 777 686 854 proficiscitur.
734 775 794 836 115
822 778 902 849 Quae
928 779 1053 836 tuleram
1079 797 1198 834 mecum.
1246 775 1304 836 137
1328 782 1359 836 te
1382 779 1415 835 di

253 913 294 923 —
318 902 382 939 cum
405 881 591 938 001161110-
614 880 786 938 maetassint
807 881 893 939 malo.
941 877 1000 940 176
1023 881 1174 937 luctantur
1189 899 1253 936 oum
1268 879 1413 938 leonibus,

254 962 315 1044 180
337 989 432 1041 tecum
455 982 593 1041 dividam.
637 975 754 1041 Laber.
773 980 832 1041 139
849 1003 913 1041 cum
936 1003 1007 1041 cano
1030 982 1117 1057 cugio
1132 981 1309 1040 Puellitari?
1341 974 1412 1061 Syr.

252 1086 331 1145 sent.
354 1083 373 1144 3
397 1104 461 1143 cum
484 1084 566 1141 ebrio
588 1084 640 1160 qni
661 1084 770 1159 litigat.
815 1082 855 1143 27
880 1105 961 1143 amor
987 1084 1103 1142 misceri
1130 1105 1194 1141 eum
1220 1084 1325 1142 timore
1353 1105 1414 1142 non

252 1193 357 1266 potest.
405 1183 465 1245 109
489 1205 553 1243 cum
574 1185 694 1244 inimico
716 1207 800 1244 nemo
822 1187 854 1244 in
876 1187 1004 1261 gratiam
1026 1192 1091 1244 tuto
1113 1186 1200 1243 redit.
1247 1182 1307 1245 113
1330 1186 1412 1244 dam-

253 1310 323 1348 num
334 1287 552 1365 ,appellandum
574 1294 619 1345 est
650 1308 713 1346 cum
744 1289 821 1346 mala
851 1289 929 1346 fama
958 1288 1079 1346 lucrum.
1124 1285 1285 1347 27010616
1315 1308 1413 1347 secum

254 1392 324 1466 agit.
369 1386 431 1449 348
454 1388 506 1447 ubi
529 1410 592 1447 oum
615 1389 777 1464 ignominia
799 1390 917 1449 servias.
962 1388 1024 1450 505
1048 1390 1202 1449 convenire
1217 1411 1282 1448 cum
1297 1390 1413 1467 sapien·

252 1495 304 1554 tia.
349 1490 411 1552 512
442 1492 552 1549 fulmen
574 1499 632 1565 est,
663 1492 715 1550 ubi
742 1513 806 1551 cum
833 1497 980 1569 potestate
1006 1492 1123 1550 habitat
1145 1493 1304 1551 iracundia.
1349 1490 1413 1552 542

252 1596 370 1668 vulnus,
403 1594 480 1670 quod
510 1594 661 1651 ferendum
692 1615 756 1652 cum
785 1595 946 1653 victoriast.
996 1590 1058 1653 545
1089 1594 1148 1652 Ubi
1178 1595 1219 1652 sis
1250 1617 1314 1653 cum
1344 1595 1414 1653 tuis.

254 1695 316 1757 628
339 1716 435 1755 secum
457 1695 560 1754 adfert.
605 1692 668 1755 682
690 1697 795 1755 Pacem
818 1717 882 1754 oum
903 1696 1077 1770 hominibus,
1106 1697 1216 1754 bellum
1238 1718 1302 1755 cum
1328 1698 1413 1756 vitiis

254 1800 337 1858 habe.
384 1795 444 1857 713
467 1798 611 1874 quidquid
642 1799 676 1856 fit
707 1819 771 1856 oum
801 1799 924 1872 virtute,
955 1799 990 1857 fit
1021 1819 1085 1856 eum
1115 1800 1219 1874 gloria.
1263 1797 1326 1859 810
1349 1820 1414 1857 cum

254 1901 458 1960 innocentibus
480 1901 588 1960 vivere.
634 1898 696 1960 820
719 1921 782 1959 eum
804 1901 914 1978 periclo
937 1934 978 1942 —
1001 1902 1124 1976 quaerit.

340 1999 412 2061 Sine
442 1997 519 2062 Pac.
543 1999 605 2061 290
635 2004 699 2061 sine
729 2008 781 2060 tua
812 2024 909 2080 opera.
954 2000 1014 2062 327
1046 2004 1110 2062 sine
1140 2004 1200 2062 illo.
1244 1998 1324 2062 Acc.
1350 2001 1411 2062 159

254 2106 317 2164 sine
339 2105 425 2163 deum
447 2124 543 2181 opera.
588 2101 650 2163 296
674 2106 737 2163 sine
758 2107 863 2165 animo.
908 2099 1004 2164 Titin.
1021 2103 1061 2164 83
1084 2106 1146 2163 sine
1164 2127 1217 2164 mc.
1266 2103 1413 2164 17861116

254 2208 338 2267 clavi.
382 2201 552 2267 1111111193
576 2207 638 2265 sine
659 2209 796 2266 mercede.
841 2206 902 2268 339
919 2209 981 2267 sine
997 2208 1155 2266 doloribus.
1200 2203 1312 2284 Pomp.
1328 2202 1411 2268 Bon.

256 2307 295 2369 79
319 2310 382 2367 sine
403 2309 513 2368 frnstis.
557 2303 638 2370 Nov.
663 2306 702 2368 27
731 2330 812 2368 merx
839 2316 883 2369 est
909 2311 972 2368 sine
998 2311 1141 2368 molestia.
1186 2308 1412 2368 8661161010.

255 2404 371 2472 1161161.
404 2408 444 2470 88
476 2410 539 2468 sine
569 2412 679 2486 lingua.
726 2409 786 2482 109
819 2413 881 2470 sine
911 2419 989 2471 nota.
1043 2405 1113 2491 Syr.
1146 2413 1224 2471 sent.
1259 2410 1319 2471 102
1350 2412 1415 2470 sine

255 2515 395 2590 sepulcro.
447 2511 508 2571 194
535 2513 597 2573 sine
625 2515 724 2574 dolore
745 2541 776 2565 =
798 2513 868 2574 542.
913 2513 976 2575 342
1004 2515 1066 2572 sine
1092 2516 1209 2593 periclo.
1259 2512 1321 2573 382
1350 2515 1414 2572 61110

254 2622 367 2674 natura.
412 2613 474 2674 625
504 2616 566 2673 61116
592 2616 697 2675 damno
725 2617 854 2676 alterius.
899 2615 961 2677 673
989 2617 1052 2675 sine
1078 2621 1303 2675 auctoramento.
1349 2613 1412 2674 674
1442 2627 1447 2635 “

255 2717 318 2776 sine
339 2723 422 2775 teste.
467 2715 529 2777 693
552 2719 676 2776 sinere.
723 2717 783 2778 703
806 2720 868 2777 61116
889 2721 1024 2795 negotiis.
1070 2716 1132 2778 843
1156 2720 1218 2776 sine
1239 2719 1310 2793 lege.
1349 2716 1412 2778 856

257 2819 320 2876 sine
342 2819 479 2894 angustia
501 2853 542 2861 -
565 2840 629 2878 cum
651 2821 796 2894 angustia.

341 2916 425 2978 Prae
448 2919 477 2998 a)
495 2915 619 2980 deloco
634 2916 714 2980 Ace.
731 2919 792 2982 393
808 2922 884 2981 Prae
906 2943 937 2981 se
958 2923 1051 2981 undas
1073 2924 1175 2983 volvit.
1219 2918 1250 3001 b)
1273 2917 1313 2981 de
1328 2937 1413 2981 com·

255 3018 423 3099 paratione
444 3040 472 3082 v.
498 3020 558 3083 146
580 3031 614 3082 ut
638 3030 740 3083 cuncta
763 3025 861 3101 opima
882 3026 960 3085 levia
982 3059 1023 3067 —
1045 3045 1117 3102 prae
1139 3025 1200 3083 illis
1222 3030 1313 3101 putet.

340 3120 404 3182 Pro
435 3121 465 3200 a)
490 3120 606 3184 dicitur
636 3121 675 3186 de
706 3124 962 3187 remuneratione
983 3123 1063 3187 Aoo.
1087 3125 1149 3186 282
1180 3148 1234 3203 pro
1264 3127 1413 3185 beneficio.

256 3220 326 3307 Syr.
336 3228 416 3288 sent.
427 3225 489 3287 458
505 3235 552 3286 sat
566 3248 672 3303 magna
687 3248 775 3288 usura
790 3234 836 3287 est
849 3251 904 3306 pro
918 3230 1057 3288 beneficio
1073 3229 1220 3287 memoria.
1250 3223 1282 3307 b)
1299 3224 1414 3288 dieitur

254 3346 313 3406 pro
331 3328 394 3389 loco
411 3327 475 3391 sive
490 3327 591 3387 instar
606 3326 741 3388 alicuius
756 3327 813 3398 rei,
831 3325 910 3390 Aoo.
922 3329 984 3391 540
999 3332 1057 3389 Ρ10
1073 3337 1154 3390 veste
1168 3331 1268 3408 pinnis
1282 3332 1415 3389 membra

257 3433 395 3506 contegit.
446 3428 509 3490 624
535 3433 594 3490 Pro
622 3439 700 3490 certo
729 3433 903 3493 arbitrabor.
949 3427 1018 3513 Syr.
1042 3435 1120 3493 sent.
1144 3431 1183 3493 87
1212 3454 1266 3511 pro
1292 3434 1415 3493 vulnere

255 3540 307 3592 est.
352 3531 391 3592 91
416 3555 470 3610 pro
493 3533 627 3592 vehiculo
650 3540 701 3592 est.
747 3532 809 3594 385
829 3557 884 3613 pro
906 3536 1051 3594 medicina
1073 3543 1124 3595 est.
1169 3533 1232 3595 470
1254 3536 1329 3595 solet
1352 3556 1415 3594 esse

255 3636 287 3694 in
309 3636 407 3694 dubiis
433 3656 488 3713 pro
515 3636 637 3694 consilio
663 3637 822 3696 temeritas,
866 3635 929 3697 485
957 3639 1156 3697 Tacitmnitas
1184 3640 1274 3697 stulto
1301 3639 1415 3696 homini

255 3758 308 3815 pro
331 3738 478 3815 sapientia
505 3744 556 3796 est.
602 3736 629 3818 6)
658 3733 697 3797 [le
725 3735 963 3816 comparatione
990 3736 1105 3800 dieitur
1126 3735 1206 3799 Ace.
1230 3738 1293 3800 248
1319 3760 1415 3817 neque

255 3844 302 3897 sat
328 3839 401 3915 fingi
431 3861 525 3916 neque
556 3840 615 3898 diei
645 3847 744 3917 potest
773 3843 832 3900 Pro
862 3843 1032 3917 magnitate.
1077 3838 1108 3921 d)
1136 3838 1222 3902 idem
1249 3842 1298 3902 est
1329 3837 1415 3919 quod

255 3939 419 4000 scoriadam
441 3937 518 4002 Pac.
534 3939 571 4002 41
599 3944 657 4001 Pro
679 3944 804 4020 imperio
827 3945 971 4019 agendum
993 3951 1044 4018 est,
1068 3962 1130 4023 quo
1152 3941 1293 4022 pertinet
1315 3941 1414 4004 etiam

256 4038 353 4103 dictio
377 4039 566 4104 adverbialis
582 4040 679 4105 Titin.
696 4043 736 4105 59
759 4065 813 4122 pro
835 4052 869 4104 ut
884 4067 946 4121 ego.
991 4045 1019 4124 e)
1044 4063 1116 4108 oum
1134 4043 1194 4107 abl.
1212 4042 1415 4122 coniungitur

256 4143 323 4206 eius
344 4142 399 4220 rei,
422 4163 518 4224 quem
540 4141 745 4207 defendimus.
791 4140 860 4227 Syr.
884 4149 963 4209 sent.
987 4146 1049 4208 384
1071 4170 1125 4226 pro
1145 4149 1271 4207 dominis
1286 4168 1414 4225 peecare.

256 4246 318 4308 425
341 4269 395 4327 pro
416 4249 570 4308 innocente
592 4250 672 4308 dicit.
717 4248 780 4309 493
802 4271 902 4309 verum
926 4255 977 4324 est,
1005 4251 1085 4328 quod
1107 4271 1159 4328 pro
1175 4252 1270 4310 salute
1283 4251 1319 4309 fit
1333 4271 1413 4308 men·
