3038 4950
640 344 847 388 ...Ν-.-

168 501 298 559 culorum
320 501 403 575 ludo,
431 521 516 578 quem
538 501 626 576 vulgo
650 501 795 558 scachium
818 500 930 575 dicunt,
961 498 1006 560 ite
1027 518 1085 560 non
1106 498 1202 578 rudis,
1228 512 1275 578 ut,
1298 501 1323 563 si

166 608 225 645 non
239 587 359 665 primus,
382 592 414 645 et
428 588 507 645 inter
521 587 632 665 primos
647 607 706 644 non
721 587 841 645 ultimus
864 591 948 661 esset,
970 588 1063 664 quid?
1084 591 1162 665 quod
1185 591 1273 649 etiam
1291 613 1323 649 re

166 673 349 749 gymnasticae
370 693 423 731 nos
446 673 600 731 erudiebat
621 692 734 749 pueros.
775 673 855 730 Haec
877 673 974 731 omnia
995 674 1028 731 in
1050 695 1107 750 quo
1130 682 1205 751 sunt,
1228 699 1324 735 nonne

167 779 232 817 eum
253 760 346 818 vitem
367 759 485 817 beatam
507 759 601 834 egisse
623 758 809 816 censeamus?
830 759 862 816 in
885 780 971 836 quem
993 761 1112 818 tandem
1132 764 1227 838 magis
1248 765 1325 822 illud

166 845 266 903 eadat:
289 845 363 923 ,Non
385 846 479 902 omnis
501 843 637 902 moriar‘?
660 878 703 886 —

252 929 404 989 sedeatis
427 931 462 988 de
483 931 543 1004 his,
566 951 624 988 non
647 936 704 1003 est,
725 950 798 1004 non,
821 930 951 1008 inquam,
980 951 1031 990 cur
1057 932 1216 1006 lugeamus.
1260 936 1323 1009 Ego

166 1023 264 1074 sutem
286 1017 357 1074 haee
384 1016 593 1074 conscribenda
614 1016 731 1093 putavi,
758 1035 795 1072 ne
827 1023 857 1074 et
884 1018 971 1076 orbus
1000 1019 1212 1094 quodammodo
1239 1026 1324 1097 patre

167 1102 286 1159 libellus
308 1103 365 1159 iste
393 1102 424 1159 in
451 1103 544 1160 lucem
566 1101 713 1178 prodiret,
741 1107 771 1159 et
792 1107 826 1159 ut
852 1103 916 1179 ipse
938 1105 1066 1162 animum
1088 1105 1171 1182 pium
1192 1113 1323 1180 gratum-

166 1208 230 1263 que,
253 1208 310 1264 quo
332 1188 364 1244 in
378 1187 529 1245 Holtzium
552 1208 651 1260 essem,
673 1187 876 1262 significarem,
899 1210 990 1266 eaque
1012 1192 1043 1248 in
1065 1211 1230 1249 remonon
1252 1215 1323 1270 pau-

167 1294 266 1331 corum
288 1274 478 1350 interpretem
501 1274 649 1332 exstitisse
670 1279 751 1350 puto.
795 1273 878 1333 Have
899 1276 951 1352 pia
972 1278 1082 1335 anima!

253 1442 423 1503 Scribebam
445 1445 656 1504 Nordhusae
677 1465 774 1504 mense
797 1444 962 1523 Septembri
983 1447 1252 1508 MDCCCLXXXI.

1089 1658 1280 1769 suilsml.
