3038 4950
647 335 857 396 -55--

176 509 237 570 411
261 511 339 569 Dum
369 510 455 568 modo
486 509 585 568 doleat
616 508 742 584 aliquid,
774 509 873 567 doleat
903 507 1066 584 quidlubet.
1094 537 1135 546 —
1159 505 1331 584 autequam:

177 606 248 693 Syr.
271 611 349 673 sent.
374 609 436 671 645
458 611 533 669 mori
556 616 600 670 est
621 610 723 683 felicis,
746 617 901 687 antequam
922 615 1045 668 mortem
1067 609 1190 667 invocet.

203 744 207 749 ·
261 731 302 774 m.
341 706 1084 773 (10111101011101111101011001101011111.
1122 708 1153 787 a)
1176 711 1249 787 post
1271 704 1332 770 adi.

177 813 296 894 11191101.
314 811 390 875 Ρ10.
403 812 443 875 25
460 816 581 890 dignum
591 816 708 892 quicum
723 820 857 873 certetur.
885 808 917 892 b)
932 810 959 873 si
969 807 1185 872 enuntiatione
1200 807 1333 872 relativa

177 913 316 997 qualitas
337 933 493 995 personae
516 911 566 975 vel
588 913 635 975 rei
656 911 854 976 describitur.
896 911 973 976 Pac.
997 912 1037 974 25
1060 915 1107 972 An
1129 916 1195 990 quis
1217 920 1261 974 est
1283 917 1334 991 qui

178 1025 334 1098 —putet
378 1014 457 1078 Aoo.
483 1016 542 1077 141
566 1019 638 1094 quid
660 1024 712 1092 est,
735 1040 786 1077 cur
808 1037 979 1096 componere
1001 1016 1079 1074 ausis
1101 1017 1173 1074 mihi
1195 1023 1233 1076 te.
1271 1015 1334 1077 554

178 1124 249 1194 ouis
275 1128 309 1180 tu
336 1142 367 1180 es
394 1122 540 1194 mortalis,
571 1121 623 1196 (1111
650 1121 681 1179 in
707 1121 823 1179 deserta
843 1125 937 1178 -te
964 1120 1101 1196 adportes
1128 1119 1210 1177 loca?
1252 1112 1334 1179 Pall.

177 1219 237 1284 ino.
260 1219 320 1283 ino.
344 1221 466 1283 9011011
488 1227 533 1281 011
555 1243 606 1281 cur
627 1224 701 1282 velis
715 1224 831 1282 Vivere.
862 1217 974 1282 Afran.
991 1219 1031 1280 63
1054 1242 1112 1279 non
1127 1223 1233 1280 desunt
1254 1223 1335 1295 mihi,

178 1327 235 1397 oui
265 1328 344 1385 ultro
376 1326 453 1384 dent.
497 1319 609 1402 Pomp.
631 1320 713 1386 Bou.
739 1323 778 1385 14
805 1326 864 1384 Vix
894 1345 970 1382 nunc
1001 1325 1079 1400 quod
1106 1325 1183 1383 edim
1209 1325 1335 1384 invenie.

181 1426 239 1488 151
265 1448 318 1504 ego
341 1447 450 1504 quaero
473 1427 551 1503 quod
573 1428 658 1500 edim,
680 1428 735 1486 hae
759 1432 903 1504 (1110111111
924 1427 1002 1503 quod
1025 1432 1132 1484 cacent.
1172 1424 1232 1485 158
1254 1428 1334 1485 Nun-

179 1531 230 1608 qm'
250 1530 299 1588 hic
325 1529 451 1602 restitit,
483 1528 534 1605 qui
556 1530 684 1586 nondum
712 1529 811 1587 labeas
840 1529 944 1587 lerarit
968 1527 1015 1604 (=
1036 1523 1225 1607 confoderit)
1254 1529 1335 1586 mihi.

177 1625 260 1692 Nov.
284 1629 303 1690 6
326 1631 410 1701 Quod
438 1630 539 1703 editis,
571 1631 646 1688 nihil
675 1638 732 1690 est:
764 1631 789 1689 si
811 1631 901 1690 vultis
925 1632 1003 1707 quod
1025 1630 1143 1704 cacetis,
1176 1633 1261 1709 copia
1283 1637 1335 1689 est.

179 1726 249 1813 Syr.
272 1732 351 1792 sent.
377 1729 436 1792 121
461 1733 544 1790 (10101
567 1733 720 1806 decrescit,
747 1733 799 1790 ubi
823 1753 880 1809 quo
909 1738 1020 1792 crescat
1040 1753 1099 1791 non
1120 1733 1217 1792 habet.
1256 1729 1286 1815 o)
1309 1728 1336 1793 11

179 1831 258 1895 coni.
281 1831 320 1894 de
343 1830 475 1894 consilio
502 1830 625 1911 positus
648 1834 705 1894 est.
748 1829 828 1893 Aoo.
852 1831 912 1894 201
937 1835 994 1905 Qui
1021 1837 1103 1894 illius
1129 1836 1264 1894 acerbum
1287 1857 1337 1894 cor

179 1938 355 1996 contundam
386 1942 415 1995 et
446 1937 642 2014 comprimam.
687 1932 782 1997 Titia.
806 1934 846 1995 29
879 1941 988 1995 01011111
1016 1972 1056 1980 -
1082 1939 1257 1997 vestimenta
1284 1939 1336 2015 qui

177 2042 266 2100 laves.
301 2033 416 2099 Afran.
433 2036 495 2098 211
516 2039 605 2097 missa
624 2060 687 2097 sum
707 2073 748 2082 -—
770 2060 900 2116 (11110-
917 2039 1073 2098 cohibeam.
1109 2036 1140 2119 d)
1161 2035 1336 2100 enuntiat-io

178 2137 313 2202 relativa
335 2137 570 2201 consecutivam
591 2135 690 2201 habet
712 2135 983 2218 significationem.
1027 2136 1106 2200 Acc.
1131 2139 1193 2200 684
1216 2143 1336 2199 Nullum

180 2249 224 2303 est
245 2243 390 2320 inperium
412 2248 527 2301 tantum
550 2277 591 2320 ἢ
614 2243 698 2313 Quod
720 2263 778 2300 non
799 2243 931 2300 labascat
952 2243 1068 2317 lingua,
1099 2244 1229 2302 mitiscat
1250 2244 1335 2302 male.

179 2338 249 2424 Syr.
272 2344 351 2404 sent.
368 2341 429 2404 532
446 2344 527 2401 1111111
542 2351 603 2402 tam
617 2345 695 2404 bona
718 2350 762 2404 est
784 2347 909 2418 fortuna,
932 2344 968 2401 de
984 2366 1041 2420 qua
1063 2345 1106 2402 nil
1128 2347 1222 2422 possis
1244 2346 1336 2423 queri.

178 2443 208 2525 0)
232 2447 337 2506 enunt.
359 2441 416 2505 rel.
439 2462 568 2506 causam
590 2443 738 2512 continet.
776 2442 859 2506 Atta
882 2445 899 2506 1
923 2446 1011 2505 Nilne
1032 2452 1063 2506 10
1085 2449 1188 2526 populi
1210 2455 1335 2522 veretur,

179 2549 232 2625 (1111
252 2549 411 2608 vociferere
433 2549 466 2605 in
487 2549 556 2608 via?
599 2545 712 2609 Afran.
735 2546 776 2608 46
801 2549 832 2607 (11
855 2554 924 2607 sunt
944 2550 1015 2607 irati
1037 2550 1103 2623 tibi,
1126 2550 1182 2620 oui
1204 2550 1336 2607 conciere

178 2651 289 2727 cogites
311 2656 427 2709 tantum
448 2651 527 2708 mali.

264 2769 295 2811 n.
337 2744 565 2812 Oomunctivus
595 2747 628 2810 in
659 2747 926 2813 enuntiationibus
957 2747 1152 2812 secundariis
1184 2747 1336 2813 orationis

180 2849 337 2932 obliquae.
381 2848 459 2913 Pac.
482 2852 545 2914 368
567 2875 625 2932 quo
647 2856 679 2913 id
701 2877 802 2914 saxum
824 2857 966 2933 inpulerit
989 2857 1056 2915 fors.
1088 2853 1150 2914 369
1174 2872 1256 2933 1(1(1.;

222 3009 360 3066 Insanam
383 3012 480 3065 autem
503 3027 565 3065 0110
588 3009 678 3081 aiunt,
701 3011 771 3085 quia
793 3016 878 3068 atrox
899 3009 1012 3067 incerta
1034 3009 1239 3086 instabilisque
1261 3003 1314 3066 rit.-

223 3110 343 3168 Cascam
359 3110 395 3168 ob
412 3129 475 3168 eam
490 3130 550 3166 rem
566 3129 627 3167 esse
643 3110 760 3183 iterant,
781 3110 851 3185 quia
865 3110 909 3167 nil
924 3112 1029 3168 cernat
1045 3130 1102 3187 quo
1117 3131 1180 3168 sese
1195 3111 1335 3188 adplicet:

221 3212 353 3285 Brutam,
376 3211 446 3287 quia
469 3212 590 3286 dignum
612 3216 699 3287 atque
721 3211 874 3286 indignum
897 3213 1025 3291 nequeat
1046 3212 1250 3270 internoscere.

180 3358 301 3441 Tulpil.
324 3361 365 3424 59
390 3385 453 3422 cum
476 3369 556 3423 aetas
579 3371 712 3423 accesset.
743 3360 822 3424 Aoo.
841 3361 900 3423 193
924 3364 1013 3423 Cuius
1036 3364 1076 3423 sit
1097 3366 1160 3424 vita
1182 3365 1335 3424 indecoris.

179 3461 246 3525 Ino.
269 3461 328 3525 inc.
356 3466 436 3543 trag.
467 3463 506 3525 14
534 3482 579 3543 sq.
607 3487 741 3544 puerum,
768 3467 880 3544 primus
907 3467 1026 3526 Priamo
1053 3468 1104 3544 qui
1125 3463 1216 3549 foret
1241 3473 1336 3542 natus,

179 3573 357 3646 temperaret
379 3569 493 3626 tollere.
525 3566 563 3628 51
588 3570 613 3627 11
636 3570 811 3628 studeamus.
845 3567 905 3629 loo
929 3570 998 3628 dum
1021 3605 1061 3612 —
1083 3576 1223 3647 captaret.
1254 3564 1336 3630 Pali.
1385 3621 1388 3626 .

178 3665 239 3732 ino.
264 3665 326 3728 ino.
350 3667 391 3729 90
422 3670 473 3728 ubi
504 3690 562 3727 non
593 3671 633 3728 sis
664 3671 716 3747 qui
735 3667 845 3750 fiterio
875 3691 934 3728 non
965 3677 1009 3729 est
1039 3694 1090 3730 cur
1119 3674 1193 3732 velis
1220 3673 1337 3732 Vivere.

179 3765 293 3849 Pomp.
315 3766 397 3831 Bon.
423 3768 481 3831 161
506 3773 626 3846 curabo,
654 3778 688 3831 ut
709 3773 761 3832 ubi
784 3768 953 3850 copaoriot,
982 3774 1075 3832 omnis
1097 3808 1138 3816 -
1161 3775 1335 3834 adsentiant.

181 3865 251 3951 Syr.
279 3873 359 3932 sent.
388 3871 448 3933 120
481 3874 630 3951 despicere
660 3879 788 3952 oportet,
821 3874 965 3950 quidquid
989 3871 1091 3951 possis
1116 3877 1251 3952 perdere,
1281 3872 1337 3937 ubi

104 4054 107 4059 ἡ
180 3980 297 4051 oportet
328 3990 400 4034 cum
430 3971 484 4036 ini.
517 3971 615 4035 efficit
647 3971 738 4053 quasi
769 3970 1019 4036 enuntiationem
1050 3972 1220 4055 obliquam.
1273 3976 1336 4037 444

178 4077 289 4136 Rarum
312 4097 373 4135 esse
396 4082 513 4155 oportet
535 4078 613 4153 quod
635 4079 686 4135 diu
709 4097 807 4135 carum
828 4078 910 4136 velis.
945 4065 1007 4136 643
1022 4079 1160 4138 miserum
1177 4086 1207 4138 te
1229 4081 1336 4154 iudico,

179 4179 258 4255 quod
279 4198 436 4255 numquam
458 4179 547 4237 fueris
569 4180 664 4237 miser.

265 4276 315 4340 52.
346 4273 507 4339 Numerus
524 4275 621 4340 verbi.
645 4272 822 4358 Singularis
837 4275 925 4342 verbi
939 4277 1061 4359 positus
1084 4283 1133 4343 est
1153 4281 1228 4360 post
1250 4297 1337 4343 com-
