3038 4950
648 365 861 427 „19-

177 536 298 620 Turpil.
321 538 360 601 57
385 540 514 610 Quacum
535 572 575 582 -
595 537 751 597 vivendum
771 545 847 597 esset
867 539 932 596 tibi.
977 533 1073 598 Titin.
1090 537 1131 598 56
1153 540 1238 598 nobis
1260 541 1331 599 faci-

176 646 287 704 undum
314 648 359 701 est
385 643 435 701 ita.
483 640 542 701 160
570 642 596 700 si
622 641 680 699 orit
705 641 764 700 tibi
790 640 981 700 (laniandum.
1024 637 1137 702 Afran.
1161 640 1221 702 301
1246 644 1331 702 Anti·

178 748 275 823 quitas
305 746 431 823 petenda
453 779 493 788 —
517 751 561 803 est
591 744 672 803 mihi.
716 738 832 803 Laber.
863 742 924 803 112
954 745 1028 803 mihi
1060 766 1147 821 quam
1176 745 1332 804 vivendum

177 849 243 907 fuit.
289 840 357 926 Syr.
380 848 458 908 sent.
482 844 545 906 540
568 847 637 923 quoi
659 847 731 923 quid
752 847 961 906 vindicandum
983 853 1034 921 est,
1057 848 1150 906 omnis
1173 848 1284 925 optima
1306 848 1334 906 ei
1460 837 1463 840 ⁴

180 952 291 1009 occasio
314 956 364 1008 est.
411 947 472 1009 758
495 950 663 1008 discendum
686 956 730 1008 est
752 950 879 1008 homini·

263 1050 312 1112 28.
334 1047 465 1130 Duplex
487 1048 619 1112 dativus
663 1045 730 1112 inc.
752 1047 812 1111 inc.
836 1052 916 1129 trag.
937 1050 998 1111 207
1023 1068 1068 1130 sq.
1107 1052 1218 1122 Quibus
1239 1052 1335 1127 magis

178 1158 325 1233 palaestra
352 1189 393 1197 —
422 1156 520 1213 studio
549 1161 599 1213 est.
643 1149 723 1214 Ace.
746 1156 847 1232 praet.
871 1152 909 1214 41
940 1156 1007 1213 01110
1030 1175 1063 1214 ac
1091 1156 1171 1213 senio
1196 1154 1237 1212 mi
1264 1155 1336 1212 haec

178 1265 246 1317 sunt
267 1258 397 1335 nuptiae.
442 1255 483 1317 59
507 1257 638 1316 Consilia
659 1264 760 1317 nostra
781 1258 911 1316 dividiae
929 1258 987 1317 tihi
1002 1291 1043 1300 —
1059 1258 1125 1315 Non
1145 1259 1216 1315 fore.
1253 1249 1335 1316 Tur-

177 1355 231 1438 pil.
250 1358 310 1419 116
334 1360 389 1419 (lui
408 1379 462 1434 ego
483 1361 538 1418 sim
559 1380 652 1418 curae.
695 1354 810 1418 Airan.
827 1356 889 1418 329
911 1360 1016 1436 quibus
1032 1360 1113 1417 cordi
1129 1365 1180 1418 cst.
1223 1353 1336 1438 Pomp.

178 1457 259 1523 Bon.
286 1459 346 1522 103
369 1477 415 1538 sq.
437 1462 585 1538 voluptati
608 1462 664 1520 0100
685 1461 764 1520 Ibus.

268 1562 317 1624 29.
340 1558 477 1623 Dativus
494 1558 680 1641 quantitatis
697 1559 725 1623 is
744 1565 800 1640 est,
824 1559 879 1641 qui
898 1544 1025 1623 additur
1039 1559 1142 1623 verbis
1158 1579 1230 1623 cum
1244 1578 1336 1640 prae-

182 1661 391 1744 positionibus
428 1662 535 1725 locum
571 1659 820 1744 significantibus
858 1661 1032 1726 coniunctis
1070 1661 1120 1725 vel
1156 1661 1337 1727 notionibus

181 1764 383 1846 aequalitatis
415 1770 447 1827 et
476 1763 721 1845 inaequalitatis.
774 1763 851 1828 Pac.
885 1765 924 1827 14
959 1769 1047 1827 Nocti
1082 1770 1115 1827 ni
1151 1769 1338 1828 interveniat.

184 1869 244 1931 188
272 1872 499 1930 concorditatem
525 1871 655 1948 hospitio
683 1872 857 1931 adiunctam.
903 1874 964 1931 286
996 1871 1123 1930 inimicis
1153 1877 1277 1930 mortem
1308 1876 1338 1929 ct

180 1975 248 2032 huic
278 1975 370 2033 vitam
401 1975 524 2032 adferas.
572 1968 652 2034 Ace.
679 1971 715 2033 11
748 1975 814 2034 vela
843 1981 997 2033 ventorum
1028 1974 1141 2033 animae
1171 1974 1338 2033 immittere.

186 2074 243 2136 117
268 2079 328 2135 leto
355 2077 465 2135 offeres.
512 2073 572 2135 147
600 2077 750 2154 quidest,
773 2097 825 2135 cur
847 2095 1017 2153 componere
1038 2076 1116 2134 ausis
1138 2071 1213 2134 miti
1234 2080 1265 2134 10
1287 2084 1340 2136 aut

181 2198 227 2236 me
250 2173 330 2236 libi?
368 2175 430 2237 256
460 2179 580 2237 exuvias
602 2179 685 2237 laevo
708 2213 749 2223 —-
772 2179 859 2237 lateri
881 2177 1106 2236 accommodant.
1152 2175 1214 2237 386
1238 2177 1339 2237 011010·

183 2281 249 2338 dem
275 2313 317 2324 —
345 2280 412 2338 Ioni
435 2278 573 2356 adposuit
598 2280 718 2354 virgini.
763 2276 825 2339 416
853 2281 950 2337 frenos
972 2279 1133 2337 immittens
1155 2280 1233 2338 ieris.
1277 2277 1338 2339 427

184 2383 263 2441 hosti
290 2402 336 2440 me
362 2381 491 2440 animato
520 2380 657 2440 offeram?
694 2379 756 2440 455
784 2381 999 2441 vastitudo-
1020 2381 1131 2439 invasit
1151 2382 1233 2440 mihi.
1277 2379 1340 2443 502

185 2490 220 2542 ut
242 2503 332 2542 essem
354 2483 459 2542 adfinis
484 2483 549 2543 tibi.
594 2481 657 2544 510
679 2484 824 2543 ominibus
851 2484 956 2542 faustis
978 2517 1020 2526 —
1041 2484 1201 2542 adhibeant
1227 2484 1338 2544 Faven-

185 2586 266 2645 tiam.
312 2583 374 2646 686
396 2585 480 2644 irena
507 2619 539 2629 —
567 2587 611 2644 ori
634 2606 773 2664 equorum
800 2586 1025 2645 accommodant.
1069 2580 1225 2663 Pompon.
1250 2584 1268 2645 9
1293 2603 1338 2664 sq.

185 2689 291 2764 quibus
317 2688 450 2746 Adeonet
477 2724 518 2732 -
546 2708 653 2748 nemus.
705 2681 774 2748 Ine.
800 2684 861 2748 inc.
888 2690 968 2766 trag.
997 2685 1037 2747 53
1066 2688 1197 2765 mihique
1224 2689 1338 2746 adiudi-

186 2791 285 2850 carier.
331 2784 451 2866 Turpil.
476 2789 516 2850 89
540 2812 570 2850 00
597 2792 708 2869 optulit
733 2792 782 2850 mi.
827 2785 909 2850 Pell.
931 2787 992 2850 inc.
1014 2786 1075 2850 inc.
1100 2788 1140 2850 59
1162 2811 1208 2849 me
1229 2812 1340 2868 poenae
1411 2783 1413 2786 ’

187 2914 308 2970 oppone.
353 2891 393 2952 66
417 2894 546 2952 clitellae
569 2894 639 2953 bovi
661 2892 736 2953 Sunt
760 2894 922 2971 impositae.
968 2886 1063 2953 Titin.
1088 2890 1125 2952 11
1150 2894 1340 2952 ambitionem

184 2996 291 3055 virtuti
317 2996 418 3055 uideas
445 2997 622 3055 antecedere.
667 2994 707 3055 33
735 2997 808 3055 mihi
835 2996 997 3056 subvenias.
1041 2990 1153 3055 Airan.
1180 2992 1240 3054 152
1267 2997 1341 3054 Mihi

186 3098 377 3174 supponebas.
421 3092 533 3174 Pomp.
556 3091 638 3158 Bon.
663 3094 723 3157 125
751 3098 868 3156 obviam
890 3098 1017 3156 occurrit
1038 3098 1118 3156 mihi.
1165 3094 1224 3156 177
1248 3099 1341 3157 siste

187 3199 321 3258 obiectes.
365 3193 447 3258 Nov.
470 3196 512 3257 20
533 3199 659 3256 Puerum
680 3198 798 3256 mulieri
820 3205 977 3275 praestare.
1022 3190 1096 3278 Syri
1118 3200 1196 3258 sent.
1212 3196 1253 3258 63
1274 3220 1340 3276 pec·

186 3302 329 3361 canti-
352 3300 557 3360 accommodas.
604 3298 663 3361 199
693 3301 855 3359 succumbit
881 3301 1012 3378 tempori.
1057 3297 1120 3360 570
1148 3301 1342 3360 conscientiae

184 3405 393 3482 potiusquam
419 3403 514 3462 famae
540 3403 709 3475 attenderis.
756 3402 815 3463 671
843 3405 918 3462 nulli
944 3403 1082 3481 impones.
1127 3399 1189 3462 692
1216 3403 1343 3462 iniuriae

186 3507 377 3566 succumbere.
431 3502 493 3565 829
525 3506 623 3564 frenos
653 3506 760 3583 inpone
787 3506 914 3584 linguae.
957 3502 1037 3566 Acc.
1068 3503 1128 3565 156
1160 3506 1275 3564 Virtuti
1302 3507 1342 3566 010

185 3630 248 3687 par,
271 3609 372 3687 dispar
393 3609 520 3667 fortunis
546 3609 649 3686 patris.
694 3605 755 3667 407
780 3609 970 3686 aequiperant
996 3609 1069 3668 Iovi.
1114 3605 1175 3667 561
1205 3609 1230 3666 si
1256 3609 1343 3686 inpar

187 3732 265 3770 esses
287 3712 352 3771 tibi.
395 3705 508 3771 Afran.
527 3707 568 3771 29
591 3711 731 3769 Terentio
751 3699 946 3770 —similem
991 3703 1061 3790 Syr.
1080 3712 1158 3769 sent.
1182 3707 1245 3769 340
1266 3712 1343 3768 nulli

188 3813 302 3871 facilius
324 3834 411 3890 quam
432 3816 510 3872 malo
532 3814 663 3873 invenies
685 3834 793 3890 parem.
839 3811 901 3873 356
923 3834 977 3890 par
998 3813 1132 3889 imperio.

276 3911 324 3974 30.
348 3908 522 3976 Genetivus
545 3911 721 3994 partitivua
766 3910 842 3975 Pac.
867 3914 908 3975 62
929 3920 1094 3974 vestrorum
1115 3920 1189 3973 uter.
1235 3912 1275 3975 76
1297 3915 1342 3972 in-

188 4017 355 4097 terca'loci.
402 4016 462 4079 133
486 4019 626 4095 quidnam
648 4024 745 4077 autem
767 4018 821 4077 hoc
843 4018 934 4077 soniti
953 4022 1005 4075 est.
1053 4014 1113 4076 194
1127 4017 1276 4094 hospitum
1299 4018 1342 4075 in·

187 4120 329 4180 fidissimi.
373 4115 453 4181 Aoo.
479 4118 539 4180 155
562 4120 635 4198 quid
656 4120 806 4179 subiti-
819 4121 898 4179 mali.
943 4116 1005 4179 325
1020 4120 1163 4195 primores
1183 4138 1343 4196 procerum.

189 4219 249 4281 371
278 4224 388 4282 socium
415 4257 456 4266 -
485 4224 577 4301 copia.
622 4219 683 4282 491
716 4224 795 4299 quod
826 4229 958 4300 superest
988 4223 1104 4280 socium.
1150 4219 1212 4281 599
1241 4219 1344 4296 quovis

188 4324 327 4399 gentium.
381 4323 443 4385 628
475 4325 548 4401 qnid
579 4325 677 4402 capias
708 4326 820 4384 consili.
873 4319 939 4385 Ino.
970 4320 1030 4383 inc.
1061 4325 1141 4400 trag.
1168 4320 1231 4382 206
1261 4322 1345 4380 Nihil

1137 4422 1191 4474 2,.
