3038 4950
706 325 920 386 ,18-

235 533 277 543 —
301 499 424 558 dederis.
476 495 536 557 108
564 498 616 556 (111
644 517 741 557 avaro.
789 493 852 556 225
880 498 1025 574 inopi-
1048 498 1108 556 dat.
1152 494 1216 558 258
1242 499 1405 559 licentiam

236 603 286 662 des
307 603 433 678 linguae.
477 597 540 659 289
563 600 610 658 cui
633 632 674 641 —
697 599 786 658 dedit.
831 597 892 659 461
916 600 1032 658 sibi-
1047 601 1099 659 dat
1114 601 1300 677 supplicium.
1332 599 1404 663 566

235 705 363 763 inimicis
385 704 514 762 reddere.
561 698 622 762 136
645 703 697 760 das
719 702 846 760 iniuriae
868 703 970 760 locum.

323 803 373 866 27.
395 800 507 866 Dativi
522 799 691 881 energici
705 800 832 865 nomine
848 820 920 864 eam
933 799 1069 864 formam
1083 799 1176 864 huius
1191 820 1284 866 casus
1299 800 1402 884 signi-

235 904 311 986 fico,
333 904 402 984 ubi,
430 924 520 968 secus
543 909 640 985 atque
661 903 694 965 in
715 903 823 984 priore
845 923 975 985 genere,
1002 903 1104 985 magis
1130 903 1237 967 activa
1258 904 1328 968 eius
1350 906 1401 971 vis

235 1012 378 1090 apparet.
422 1005 499 1070 Pac.
523 1007 599 1069 359:
629 1010 741 1080 Quibus
769 1011 852 1068 abest
874 1044 916 1052 —
937 1010 1129 1086 intellegendi
1150 1011 1269 1069 astutia
1313 1006 1400 1072 Aee.

236 1115 291 1174 0111
318 1131 422 1173 manus
448 1147 490 1155 —
517 1112 623 1171 sordet.
674 1110 715 1171 56
744 1120 903 1188 exanguest
931 1133 1034 1190 corpus
1065 1113 1114 1171 mi.
1168 1109 1209 1172 65
1236 1115 1399 1189 generibus

237 1211 326 1292 (11.1.
349 1210 488 1294 generis)
510 1221 624 1274 tentam
647 1234 708 1273 ease
730 1215 925 1292 inpietatem?
959 1212 1023 1274 214
1044 1216 1155 1273 multae
1176 1216 1304 1275 insidiae
1324 1225 1400 1277 sunt

235 1319 329 1378 bonis.
379 1316 450 1379 452.
483 1315 543 1377 601
577 1316 636 1376 Suo
663 1318 721 1376 sibi
746 1318 859 1376 lautum
887 1318 1036 1393 sanguine.
1086 1311 1181 1378 Nelei
1212 1333 1344 1379 carmen
1376 1318 1399 1380 3

236 1423 372 1481 fortunae
400 1428 616 1480 commutantur
641 1420 815 1478 hominibus.
865 1414 946 1479 Ace.
973 1421 1074 1497 praet.
1098 1418 1140 1480 30
1172 1441 1207 1480 11
1233 1421 1260 1479 11
1287 1422 1336 1480 cui
1362 1423 1397 1481 in
1446 1453 1449 1457 ·

235 1544 337 1584 somno
359 1524 503 1584 accidunt.
548 1517 668 1600 Turpil
692 1520 732 1582 93
757 1530 791 1580 ut
812 1523 963 1599 redempto
985 1523 1128 1582 Faedriae
1156 1524 1261 1582 Liceat
1286 1524 1397 1584 redire.

239 1623 300 1686 144
324 1627 431 1704 quibus
458 1625 555 1702 quivis
582 1630 703 1683 111111.
750 1621 808 1684 151
832 1625 906 1682 mihi
929 1625 1060 1684 videbar.
1107 1623 1167 1685 119
1189 1632 1306 1684 uterum
1328 1647 1397 1686 cru·

237 1730 334 1788 cietur
360 1728 441 1786 mihi.
497 1724 557 1786 182
583 1727 657 1785 mihi
682 1727 792 1786 videre.
835 1721 918 1786 Pall.
945 1723 1006 1786 1111.
1032 1723 1093 1787 inc.
1119 1725 1158 1787 18
1189 1728 1246 1786 tibi
1277 1729 1399 1788 facilior

237 1831 295 1889 erit
317 1850 406 1890 amor.
451 1824 604 1889 11111127
627 1829 688 1887 Nec
710 1835 798 1888 noctu
820 1849 873 1887 nec
895 1830 947 1888 diu
961 1831 1032 1889 licet
1051 1830 1212 1889 fullonibus
1232 1831 1398 1907 quiescant.

237 1931 278 1993 62
300 1933 373 1991 mihi
395 1932 506 1991 licebit.
549 1925 662 1991 Adran.
679 1929 719 1990 62
740 1951 800 1990 non
822 1931 928 1990 desrmt
947 1932 1028 1992 mihi.
1073 1931 1113 1992 18
1133 1933 1251 1991 Nemini
1270 1933 1398 1992 nimium

235 2036 310 2095 bene
332 2042 383 2095 est.
430 2031 491 2094 100
518 2035 656 2094 videntur
682 2068 724 2078 -
751 2033 832 2092 mihi.
879 2032 939 2093 189
968 2055 1068 2094 servus
1095 2041 1140 2093 111
1166 2036 1240 2093 mihi
1265 2036 1397 2096 Nicasio.

236 2135 297 2197 211
322 2138 416 2216 spisso
438 2138 538 2197 venire
559 2138 654 2196 visust
674 2137 789 2195 Manius
807 2137 889 2195 mihi.
934 2134 997 2196 258
1019 2137 1216 2197 Iucunditatis
1235 2139 1301 2215 plus
1316 2137 1397 2198 inest

235 2241 268 2299 in
289 2249 319 2300 te
346 2241 427 2299 mihi
472 2237 533 2301 331
562 2240 673 2316 virgini
700 2273 741 2282 —
769 2241 873 2298 crescit
899 2245 1000 2299 uterus
1027 2241 1111 2317 quasi
1138 2261 1225 2317 quam
1252 2241 1398 2316 gravidae

235 2344 361 2402 mulieri.
406 2340 466 2402 341
492 2343 589 2401 veniet
611 2343 643 2401 in
664 2349 790 2401 mentem
812 2343 878 2401 tibi.
923 2340 985 2403 349
1006 2343 1112 2420 quibus
1132 2343 1223 2401 animi
1244 2363 1303 2400 non
1324 2350 1398 2403 sunt

236 2446 354 2521 integri.
398 2440 512 2522 Pomp.
533 2439 615 2504 Bon.
638 2442 679 2505 36
702 2445 759 2503 tibi
780 2446 855 2503 bene
882 2445 930 2504 sit.
975 2442 1016 2504 65
1038 2445 1096 2503 tibi
1117 2446 1221 2522 placet.
1269 2442 1328 2504 141
1352 2446 1398 2504 mi

235 2548 390 2625 inrepsere.
438 2545 496 2607 181
525 2547 638 2624 placuit
659 2580 701 2589 —
724 2547 865 2606 omnibus.
910 2540 1027 2607 Laber.
1053 2544 1092 2606 16
1118 2547 1205 2607 Malis
1230 2547 1305 2607 bene
1333 2568 1398 2607 1111

235 2684 277 2693 -
300 2651 421 2710 civibus.
469 2647 529 2709 114
551 2650 608 2709 tibi
636 2656 700 2709 erat
726 2649 853 2708 libitum.
899 2642 972 2729 Syri
994 2650 1073 2710 sent.
1098 2646 1158 2710 102
1181 2650 1228 2709 cui
1250 2671 1398 2728 nusquam

235 2753 337 2811 domus
360 2759 411 2812 est.
458 2750 520 2811 104
542 2753 589 2812 cui
610 2753 678 2829 plus
699 2751 770 2810 licet
791 2773 878 2829 quam
899 2773 954 2829 par
976 2759 1026 2811 est.
1074 2749 1132 2811 121
1154 2753 1259 2811 desunt
1274 2752 1398 2830 inopiae

235 2875 341 2932 pauca,
369 2854 512 2913 avaritiae
540 2855 643 2913 omnia.
696 2850 757 2914 134
785 2860 829 2912 est
855 2855 920 2931 ipsa
946 2855 1105 2932 cupiditati
1135 2855 1222 2914 tarda
1250 2855 1397 2915 celeritas.

239 2953 299 3016 135
322 2963 367 3015 est
389 2957 468 3015 socia
493 2956 598 3014 mortis
623 2956 736 3014 homini
762 2957 826 3015 vita
852 2957 988 3032 ingloria.
1035 2954 1095 3017 155
1127 2957 1255 3038 felicitas
1281 2957 1397 3017 infelici

235 3059 405 3117 innocentia
427 3065 478 3117 111.
525 3055 585 3118 165
608 3059 726 3117 fortuna
747 3058 914 3117 hominibus
935 3060 1002 3136 plus
1024 3080 1111 3136 quam
1133 3059 1286 3118 consilium
1305 3061 1397 3119 valet.

239 3158 298 3220 192
328 3161 440 3220 homini
467 3195 508 3204 -
535 3161 624 3219 deest.
675 3158 738 3221 248
766 3162 858 3220 Laese
887 3161 996 3221 doloris
1022 3162 1183 3221 remedium
1210 3161 1322 3220 inimici
1350 3169 1397 3221 est

236 3264 327 3323 dolor.
373 3261 435 3323 310
457 3263 627 3323 necessitati
648 3297 689 3307 —
712 3264 793 3322 utile.
838 3262 901 3325 313
923 3285 977 3322 nec
999 3264 1063 3323 vita
1085 3284 1139 3322 nec
1160 3264 1280 3322 fortuna
1300 3263 1396 3322 homi·

236 3367 323 3425 nibus
344 3387 449 3444 perpes
472 3373 524 3425 est.
569 3362 632 3425 320
654 3365 767 3424 infelici
790 3372 835 3425 est
857 3366 1007 3443 optimum.
1052 3363 1114 3425 419
1137 3365 1209 3442 quid
1231 3366 1289 3424 tibi
1306 3386 1396 3443 pecu·
1475 3399 1479 3409 =

235 3468 286 3525 nia
312 3488 384 3544 opus
411 3473 464 3527 est.
508 3464 571 3527 485
599 3466 800 3528 Taciturnitas
827 3469 918 3527 stulto
944 3469 1056 3527 homini
1082 3489 1136 3546 pro
1165 3468 1313 3545 sapientia
1340 3475 1395 3528 est.

237 3567 299 3628 514
322 3569 441 3645 31111111
463 3569 598 3647 sapienti.
644 3567 706 3630 120
729 3570 787 3630 sibi
806 3571 924 3631 videtur
939 3572 1029 3630 dives.
1074 3569 1136 3631 803
1157 3570 1289 3646 Regibus
1310 3571 1397 3647 peius

236 3677 280 3730 est
310 3672 403 3731 multo
435 3692 521 3749 quam
548 3672 621 3749 ipsis
649 3673 852 3732 servientibus.
897 3670 959 3733 848
987 3674 1112 3750 suspitio
1140 3673 1274 3750 probatis
1301 3672 1396 3732 tacita

236 3775 346 3833 iniuria
373 3781 425 3834 est.
468 3769 615 3834 Pertinet
636 3770 698 3836 huc
721 3771 818 3836 etiam
840 3771 964 3835 dativus
987 3791 1060 3836 cum
1080 3770 1206 3853 passivo
1229 3769 1325 3835 verbo
1348 3769 1396 3833 ita

237 3871 438 3953 coniunctus,
468 3878 517 3954 ut,
550 3873 576 3937 si
606 3873 855 3938 enuntiationem
881 3874 1034 3954 invertas,
1062 3873 1186 3938 dativus
1218 3872 1396 3938 subiectum

236 3974 303 4038 eius
331 3973 457 4039 efficiat.
501 3974 578 4041 Pac.
602 3977 665 4041 384
689 3981 785 4040 Oresti
813 3981 944 4056 cognita,
972 3986 1081 4056 agnota
1108 3987 1153 4038 est
1179 4000 1268 4038 soror.
1313 3973 1395 4039 Ace.

238 4079 277 4141 11
300 4082 358 4140 tibi
373 4115 414 4126 —
431 4090 475 4142 est
490 4083 662 4142 adeundum.
707 4080 770 4143 284
784 4083 829 4141 Ne
849 4083 895 4142 cui
916 4103 1073 4159 cognoscar
1086 4089 1165 4141 noto.
1210 4080 1274 4141 314
1288 4081 1396 4140 Probis

234 4185 392 4262 probatum
412 4186 512 4264 potius
535 4206 622 4262 quam
642 4186 744 4245 multis
759 4186 828 4242 fore.
859 4182 919 4244 541
945 4185 1054 4245 Contra
1076 4190 1121 4244 est
1143 4185 1269 4243 eundum
1285 4183 1396 4242 cautim

235 4295 265 4347 et
286 4289 463 4366 captandum
484 4287 565 4346 mihi.
608 4280 676 4347 Ine.
694 4282 754 4347 inc.
770 4288 850 4366 trag.
869 4285 929 4348 185
953 4287 1064 4365 dispari
1084 4287 1242 4345 Dominare
1264 4286 1393 4345 domino.
