3038 4950
651 336 865 397 ,44-

179 515 272 572 forma
304 514 436 572 ferocem.
481 505 594 570 Afran.
624 507 687 569 322
714 510 802 568 viden
832 514 866 566 tu
897 508 994 568 lavere
1023 507 1156 567 lacrimis
1187 526 1238 566 me
1264 512 1344 567 tuum

179 617 286 674 collum
308 614 374 672 —P
417 607 500 674 Nor.
524 610 565 672 85
588 633 668 671 eccas
690 612 776 671 video
804 611 946 669 incedere.
990 607 1031 669 89
1053 630 1085 669 11
1106 608 1188 669 vidit
1210 630 1277 669 esse
1297 610 1342 669 he·

179 720 285 777 rodem.
328 710 619 777 Laber231'ideo
648 714 828 773 adulescenti
855 719 957 772 nostro
980 712 1070 772 Caedi
1091 712 1191 771 hillae.
1239 710 1282 772 79
1302 713 1342 771 Ne

179 822 211 878 in
233 841 264 878 re
286 821 364 879 bona
386 840 447 878 esse
469 819 586 879 videam
613 837 738 894 nequam
764 816 866 874 filium.
914 812 972 875 141
997 830 1043 892 sq.
1065 834 1189 873 uxorem
1210 820 1295 874 tuam
1315 822 1341 875 et

178 944 272 981 meam
294 923 457 981 Novercam
473 921 692 980 -consectari
707 954 749 963 —
764 919 866 978 Video.
898 911 976 978 Pac.
993 914 1055 977 322
1079 932 1125 995 sq.
1151 914 1217 977 366
1241 933 1302 996 sq.:

178 1060 340 1117 Fortunam
361 1060 494 1117 insanam
517 1078 579 1116 esse
603 1062 632 1115 et
655 1076 770 1115 caecam
792 1060 822 1113 et
843 1055 962 1114 brutam
984 1054 1142 1132 perhibent
1163 1054 1338 1133 philosophi,

179 1160 315 1236 Sauoque
337 1161 447 1220 instare
469 1161 501 1217 in
524 1159 646 1234 globoso
668 1159 840 1237 praedicant
861 1157 1012 1217 volubilei.

180 1311 359 1373 368-370.
383 1311 445 1374 372
469 1329 514 1390 sq.
539 1310 610 1372 374.
633 1309 696 1371 402
719 1326 765 1390 sq.
779 1307 860 1371 Acc.
883 1309 904 1370 4
926 1326 972 1389 sq.
995 1311 1042 1369 Tu
1062 1310 1261 1388 pertinaciam
1281 1330 1337 1370 esee

179 1451 221 1460 -
243 1416 317 1475 hanc
340 1418 500 1494 praedicata,
523 1417 587 1491 Ego
609 1415 803 1493 pervicaciam
825 1415 873 1473 aio
896 1421 926 1474 et
948 1434 982 1473 ea
1004 1434 1050 1471 me
1071 1413 1118 1471 uti
1140 1414 1219 1473 volo.
1263 1408 1335 1474 Ace.

181 1517 242 1578 616
265 1520 470 1596 praedicarent
491 1519 638 1578 hominem
661 1538 731 1576 esse.
762 1536 790 1578 v.
814 1515 833 1576 8
857 1532 903 1595 sq.
925 1517 1107 1594 pervicacem
1129 1515 1190 1574 dici
1212 1535 1337 1575 maesse

179 1628 209 1679 et
239 1622 356 1680 vincere
387 1623 530 1681 Perfacile
561 1622 672 1698 patior,
704 1621 885 1699 pertinacem
916 1620 960 1678 nil
990 1637 1095 1677 moror.
1142 1615 1182 1677 17
1211 1639 1259 1677 me
1283 1638 1337 1677 non

178 1744 312 1800 peccasse
327 1758 370 1767 —
386 1725 545 1783 ostendam.
576 1743 604 1783 v.
623 1721 662 1783 18
677 1724 811 1798 Regnum
832 1723 890 1781 tibi
904 1721 1045 1799 permitti
1066 1720 1201 1779 malunt?
1229 1714 1335 1780 Afras.

180 1822 221 1884 34
243 1826 301 1884 Ubi
329 1827 443 1884 malunt
470 1827 562 1884 metui
589 1847 676 1903 quam
702 1826 799 1885 vereri
826 1845 856 1884 se
884 1824 920 1883 ab
943 1824 1015 1882 suis.
1057 1817 1138 1883 Aac.
1163 1819 1204 1882 22
1229 1822 1335 1883 Ouiatis

179 1929 301 2005 stirpem
323 1929 456 1987 funditus
483 1929 547 2004 fligi
574 1929 684 1987 studet!
732 1925 792 1987 197
817 1947 902 2004 quem
924 1926 997 1984 mihi
1022 1925 1126 1985 studeo
1148 1926 1210 1985 iam
1233 1926 1335 1985 dudum

179 2031 251 2088 dari.
284 2028 324 2090 37
347 2030 465 2090 Scibam
487 2032 561 2090 hanc
583 2031 655 2088 mihi
678 2048 843 2107 supremam
864 2031 958 2088 lucem
981 2034 1011 2087 et
1032 2027 1136 2087 serviti
1157 2028 1248 2087 finem
1269 2027 1335 2087 dari

178 2127 246 2193 Inc.
270 2128 330 2193 inc.
353 2135 434 2211 trag.
458 2131 498 2194 85
520 2135 678 2194 morituros
705 2134 787 2192 scivi.
832 2130 871 2191 87
896 2132 1014 2191 Scibam
1035 2130 1134 2189 mein
1156 2132 1335 2191 mortiferum

179 2268 220 2280 --
242 2237 353 2295 bellum
376 2271 418 2280 —
440 2238 565 2296 mittere.
609 2231 723 2297 Afran.
747 2233 808 2296 287
836 2241 867 2293 te
894 2236 970 2294 istuc
997 2235 1091 2294 facere
1119 2232 1251 2292 officiose
1272 2232 1334 2292 scio.

179 2335 242 2397 354
264 2341 321 2397 scit
346 2360 392 2397 me
419 2340 502 2397 illam
529 2360 634 2398 amare.
679 2337 742 2398 360
765 2339 865 2397 sinunt
892 2338 924 2395 di
951 2343 981 2396 et
1002 2356 1089 2415 porro
1111 2355 1252 2414 passuros
1272 2335 1335 2395 scio.

178 2434 260 2500 Nov.
288 2438 330 2500 20
358 2441 486 2499 Puerum
512 2442 805 2519 mulierisspraestare
832 2461 917 2499 nemo
943 2440 1007 2498 scit.
1055 2432 1171 2516 Pomp.
1192 2432 1277 2499 Bon.
1297 2434 1334 2497 42

179 2543 246 2602 8110
274 2577 315 2585 -
343 2548 373 2600 te
400 2542 483 2601 illam
509 2563 615 2602 amare.
659 2539 740 2603 Aac.
764 2540 805 2603 64
833 2559 879 2620 sq.
911 2543 962 2621 qui
993 2542 1082 2600 ducat
1108 2573 1151 2584 -
1175 2541 1335 2601 Generibus

177 2652 291 2704 tantam
313 2666 375 2704 esse
397 2646 589 2723 inpietatem?
620 2641 734 2706 Afran.
757 2643 821 2706 324
843 2646 883 2704 Ut
905 2665 950 2703 me
972 2664 1034 2703 1111
1057 2677 1099 2687 -
1121 2644 1211 2703 ducat
1233 2644 1333 2703 abste

178 2750 346 2807 extrarium.
390 2744 470 2808 Acc.
496 2747 536 2808 96
559 2765 605 2826 sq.
633 2769 727 2807 meam
753 2748 985 2807 benivolentiam
1006 2747 1147 2806 Interisse
1179 2768 1211 2805 es
1237 2745 1335 2806 ratus?

181 2846 242 2907 120
264 2850 405 2924 intellego
420 2851 627 2907 Referundum.
658 2845 775 2909 Labor.
801 2848 839 2909 16
862 2870 920 2908 non
942 2849 1075 2907 intellexi
1094 2849 1138 2907 Te
1152 2849 1335 2909 Mauricatim

177 2952 258 3009 scire.
303 2946 382 3010 Ace.
410 2948 478 3010 136.
505 2948 574 3011 137.
601 2949 661 3011 148
689 2958 843 3028 tropaeum
871 2952 946 3010 ferre
973 2972 1019 3009 me
1041 2971 1060 3009 a
1081 2951 1159 3010 forto
1181 2951 1248 3011 viro
1268 2950 1333 3010 Pul·

177 3074 258 3111 crum
280 3060 332 3112 est.
365 3050 427 3112 207
451 3055 530 3130 quod
551 3075 582 3113 re
605 3055 637 3112 in
658 3076 770 3113 summa
791 3074 934 3112 summum
957 3074 1018 3112 esse
1039 3053 1170 3112 arbitror
1182 3053 1334 3125 Periclum,

176 3163 285 3215 matres
313 3157 485 3234 conquinari
513 3158 622 3233 regias,
655 3157 856 3217 Contaminari
887 3157 1010 3234 stirpem
1041 3177 1075 3215 ac
1101 3156 1218 3215 misceri
1239 3174 1334 3232 genus.

176 3257 239 3319 212
262 3260 419 3337 Thyestem
441 3262 555 3337 clepere
578 3282 679 3319 ausum
702 3281 771 3319 1111.
802 3254 879 3318 Pac.
896 3256 936 3318 69
959 3259 1018 3317 Ubi
1040 3278 1094 3334 ego
1115 3279 1161 3316 me
1184 3258 1334 3335 gravidam

176 3364 270 3420 sentio
293 3364 509 3438 adgravescere.
553 3356 633 3421 Ace.
658 3360 720 3421 223
744 3377 811 3440 sqq.
835 3361 908 3437 quid
929 3361 1042 3419 tonitru
1065 3361 1187 3421 turbida
1208 3368 1293 3421 torvo

606 3463 751 3523 Gonoussa
772 3469 893 3541 repente
914 3484 1042 3540 aequora
1063 3464 1138 3522 caeli

607 3565 754 3625 Sensimus
776 3566 898 3626 sonere?

176 3700 203 3742 v.
227 3680 289 3742 470
311 3683 413 3742 valvas
436 3703 536 3741 sonere
559 3686 636 3743 sensi
658 3687 762 3761 regias.
794 3680 874 3745 Pall.
896 3680 1032 3759 ineluc.
1056 3681 1097 3743 45
1112 3683 1218 3743 Sentin
1238 3702 1334 3745 senem

176 3806 238 3845 esse
260 3791 372 3844 tactum
394 3787 521 3861 triginta
542 3788 650 3846 minis?
693 3782 807 3847 Afran.
831 3785 893 3847 220
916 3788 955 3846 ah
976 3787 1071 3845 sentio
1093 3787 1136 3844 Te
1157 3806 1218 3845 non
1239 3804 1333 3846 amare

176 3908 229 3946 me.
271 3883 353 3947 Ace.
377 3886 439 3949 280
463 3892 541 3971 quod
562 3892 644 3949 nefas
667 3892 707 3950 sit
729 3890 847 3948 concedi
869 3891 935 3949 tibi.
980 3887 1053 3949 288.
1076 3886 1139 3949 289
1161 3889 1334 3948 Amfilocum

175 3989 232 4047 huc
254 3990 361 4048 vadere
383 4013 476 4052 cerno.
509 3988 605 4052 Titio.
623 3990 663 4052 50
686 4013 791 4070 pueras
813 3992 899 4051 hasce
915 3993 1119 4070 —suspirare
1142 3993 1228 4051 crevi.
1255 3985 1333 4051 Aac.

177 4088 240 4149 312
256 4107 302 4168 sq.
325 4112 418 4168 neque
440 4100 579 4171 teneque
595 4116 768 4173 quemquam
786 4095 916 4154 arbitror
931 4096 1012 4155 Tuae
1026 4095 1216 4173 paeniturum
1230 4093 1333 4153 laudis.

177 4191 238 4254 317
262 4194 323 4252 Nec
345 4195 516 4271 perdoliscit
543 4196 607 4272 fligi
630 4197 736 4271 socios,
764 4202 858 4256 morte
880 4218 995 4275 campos
1018 4197 1143 4272 contegi
1187 4194 1249 4257 321
1273 4197 1333 4256 Ma·

175 4302 274 4355 vertes
297 4297 386 4356 armit
408 4297 466 4355 duo
489 4280 658 4374 congressos
681 4300 820 4359 crederes.
852 4297 914 4360 395
938 4300 1006 4358 dum
1023 4301 1221 4377 interruptum
1234 4297 1333 4358 credas

1401 270 1405 381 1
