3038 4950
126 1207 132 1216 ,
265 1139 320 1203 Ad
343 1136 550 1220 supplendam
572 1136 718 1220 syntaxin
733 1157 837 1200 meam
851 1135 1028 1219 priscorum
1051 1136 1241 1218 scriptorum
1262 1138 1335 1202 lati·

179 1271 293 1315 norum
314 1271 413 1332 usque
437 1249 477 1312 ad
499 1247 692 1328 Terentium,
716 1268 798 1331 quae
814 1247 899 1312 edita
921 1251 971 1311 cst
985 1268 1013 1311 a.
1033 1249 1112 1311 1861
1131 1253 1163 1312 et
1179 1251 1229 1329 62,
1251 1248 1338 1313 haud

180 1361 220 1426 ab
242 1381 277 1425 rc
300 1381 369 1425 esse
392 1360 466 1423 duxi
487 1359 583 1441 paulo
597 1358 722 1441 longius
736 1358 887 1441 progredi
910 1362 943 1422 et
964 1359 1111 1441 syntaxin
1133 1359 1230 1424 etiam
1252 1359 1336 1442 frag·

180 1478 358 1538 mentorum
380 1471 597 1536 scaenicorum
617 1475 786 1552 poetarum
800 1469 1027 1550 Romanorum,
1051 1470 1106 1552 qui
1126 1474 1202 1552 post
1216 1469 1336 1538 Peren·

179 1583 258 1648 tium
278 1583 414 1662 fuerunt,
437 1602 605 1664 exponere.
648 1579 689 1643 In
712 1580 824 1662 quibus
846 1579 1032 1662 fragmentis
1056 1580 1280 1646 concinnandis
1303 1588 1336 1646 et

179 1693 382 1757 emendandis
398 1713 493 1774 quam
508 1693 667 1775 egregiam
687 1712 818 1774 operam
834 1690 1037 1756 collocaverit
1051 1689 1247 1756 Ribbeckius
1263 1713 1336 1757 cum

178 1824 272 1868 nemo
294 1804 428 1885 ignoret,
449 1802 516 1867 fere
531 1802 647 1884 ubique
665 1824 735 1867 earn
750 1803 919 1868 verborum
935 1801 1129 1883 singulorum
1144 1802 1336 1885 scriptorum

179 1913 477 1994 conformationem,
509 1934 590 1995 quac
622 1914 707 1997 apud
736 1913 949 1978 Ribbeclrium
980 1918 1042 1992 est,
1075 1913 1208 1977 servatis
1240 1914 1337 1977 etiam

177 2044 324 2089 versuum
346 2025 485 2089 numeris
508 2031 634 2089 secutus
657 2046 734 2089 sum.
766 2024 970 2089 Enumerabo
993 2030 1101 2089 autem
1124 2023 1208 2088 infra
1230 2025 1335 2106 singu-

177 2135 281 2200 lorum
311 2140 480 2218 poetarum
510 2141 578 2199 tam
606 2136 802 2217 tragicorum
833 2156 928 2217 quam
962 2136 1169 2214 comicorum,
1202 2156 1336 2218 quorum

177 2245 358 2328 fragmenta
388 2250 511 2325 extant,
542 2246 682 2325 nomina,
714 2244 830 2309 additis
852 2245 953 2327 siglis,
975 2245 1089 2327 quibus
1111 2245 1145 2309 in
1167 2244 1335 2311 afferendis

177 2355 281 2421 verbis
303 2377 414 2446 eorum
435 2377 510 2420 usus
533 2378 610 2420 sum.

595 2543 742 2608 Poetae
769 2543 922 2625 tragici.

351 2679 509 2743 Pacuvius
532 2679 641 2763 (Pac).

351 2789 471 2854 Accius
495 2791 606 2872 (Ace).
677 2804 680 2809 “

351 2900 537 2982 Pompilius

352 3007 387 3072 Ο.
409 3009 511 3073 Iulius
534 3008 654 3075 Caesar
677 3008 794 3076 Strabo
818 3010 911 3093 (Iul).

354 3115 480 3182 Santra.

352 3226 390 3291 L.
413 3225 531 3292 Varius
553 3227 655 3291 Rufus
679 3226 788 3311 (Van).

352 3334 527 3403 Gracchus.

351 3448 388 3512 P.
411 3447 542 3515 Ovidius
564 3449 662 3514 Naso.

350 3560 387 3623 P.
411 3560 606 3642 Pomponius
629 3558 793 3626 Secundus
816 3561 963 3644 (Pomp).

352 3667 491 3734 Scaevus
513 3670 648 3735 Memor.

349 3780 550 3845 Incertorum
572 3787 741 3862 poetarum
762 3781 897 3846 fabulae.

350 3889 498 3954 Incertae
520 3892 713 3957 incertorum
734 3891 861 3957 fabulae
885 3893 956 3977 (inc.
978 3893 1039 3957 inc.
1062 3895 1165 3976 trag).

572 4061 719 4114 Fabulae
736 4066 939 4130 praetextae.

349 4179 507 4244 Pacuvius
530 4179 619 4262 (Pac.
641 4182 764 4263 praet).

349 4291 469 4353 Accius
492 4290 583 4373 (Acc.
606 4294 728 4373 praet).
823 4328 832 4350 .

230 4390 338 4440 Helm,
356 4392 497 4433 adumbratio.
