3038 4950
649 317 864 378 -39-

179 486 261 552 365³
290 512 515 569 comprecamur.
559 486 638 551 Acc.
664 487 704 549 70
726 490 872 566 amplexa,
900 484 984 566 quod
1006 481 1131 548 Nonius
1152 504 1211 566 pro
1237 484 1336 566 impe·

177 590 278 655 rativo
294 589 401 669 habet,
425 610 497 653 cum
512 585 689 652 Ribbeckio
708 585 884 651 certissime
898 606 958 668 pro
973 585 1142 667 participio
1157 584 1338 650 habendum

178 699 235 756 est.
287 691 445 773 Pompon.
460 689 558 756 ‘Bon
587 692 625 754 31
659 693 770 751 moriri.
820 686 965 754 Verbum
988 689 1124 760 nilicari,
1158 686 1245 770 quod
1276 709 1337 753 sec.

176 793 319 858 Nonium
338 795 442 872 186‚8
464 793 549 856 idem
572 797 621 857 est
643 791 730 874 quod
751 789 899 855 rusticari
921 791 972 856 vel
993 789 1087 855 villae
1101 809 1259 872 praeesse,
1282 811 1339 854 sex

177 895 256 960 locis
278 895 447 960 invenitur:
471 896 554 958 Atta
581 897 618 958 17
640 904 727 975 pater
748 898 888 957 vilicatur
909 904 986 956 tuus.
1018 891 1139 974 Tquil.
1162 893 1203 956 82
1225 897 1338 956 vilicor.

182 1000 242 1062 170
263 1003 416 1062 vilicabar.
447 996 561 1060 Afran.
586 997 646 1060 327
670 1001 815 1059 vilicetur.
846 993 959 1076 Pomp.
981 993 1064 1060 Bon.
1088 997 1129 1058 45
1152 1001 1185 1059 et
1207 997 1337 1059 465111-

180 1105 248 1163 cari.
283 1096 564 1180 Semideponentia
578 1104 651 1163 sunt
672 1097 749 1162 Pac.
766 1100 826 1162 261
847 1108 1001 1160 consuetus
1024 1102 1056 1161 et
1071 1096 1192 1178 Turpil.
1216 1099 1257 1160 33
1272 1101 1339 1160 Non

177 1227 241 1265 sum
268 1207 367 1265 iurata
396 1201 581 1281 (Diomedes
602 1200 622 1263 I
642 1220 672 1281 p.
696 1201 758 1265 307
781 1199 840 1283 Ρ.)
885 1199 992 1264 Μ5115
1013 1199 1126 1280 verba,
1149 1220 1231 1281 quae
1253 1198 1338 1280 apud

177 1304 372 1384 posteriores
400 1303 572 1385 scriptores
598 1303 631 1366 in
659 1306 858 1367 constantem
884 1301 1020 1367 formam
1049 1321 1082 1366 se
1105 1307 1337 1381 converterunt,
1410 1292 1412 1297 ⁴

178 1405 264 1487 apud
286 1405 345 1470 bos
367 1411 479 1487 poetas
502 1404 664 1470 scaenicos
685 1405 808 1486 priscos
831 1403 997 1468 etiamtum
1011 1401 1167 1466 fluctuant
1188 1404 1272 1467 inter
1286 1425 1338 1469 ac·

180 1508 279 1572 tivum
302 1513 334 1571 et
356 1506 541 1589 passsivam,
564 1506 787 1572 nonnullorum
802 1505 883 1572 adeo
906 1505 975 1571 sola
997 1505 1093 1569 activi
1114 1504 1217 1568 forma
1238 1504 1278 1569 ab
1300 1505 1339 1570 iis

178 1616 334 1691 usurpata
357 1617 414 1676 est.
446 1608 523 1673 Pac.
548 1611 588 1673 78
611 1614 777 1672 coniectura
799 1647 841 1654 —
864 1614 1006 1689 5595551.
1037 1607 1118 1671 Α55.
1142 1609 1203 1672 497
1227 1612 1338 1669 coniec-

179 1723 246 1775 tura
276 1734 403 1793 capum.
447 1711 561 1775 Afran.
591 1714 611 1776 8
642 1735 790 1791 augurem.
839 1709 880 1774 In
907 1710 1033 1792 passivo
1060 1710 1140 1774 Aoo.
1168 1714 1269 1790 praet.
1298 1710 1339 1772 39

180 1821 365 1896 caperratum
388 1820 433 1877 551
455 1838 517 1877 rem
538 1819 700 1877 Romanam
721 1817 870 1894 publicam
892 1837 1034 1876 summam
1056 1817 1126 1876 sore.
1163 1810 1271 1876 Locus
1292 1811 1339 1875 in·

181 1922 286 1981 certus
309 1921 358 1981 est
371 1916 452 1981 Aac.
469 1919 520 1997 87,
538 1916 593 1981 ubi
615 1916 663 1980 ed.
685 1936 732 1997 pr.
755 1913 853 1980 habet
867 1939 1016 1994 anginam,
1038 1912 1111 1979 libri
1132 1938 1267 1993 augurer,
1290 1913 1338 1977 ed.

182 2021 264 2083 1480
293 2029 444 2098 augment.
488 2018 566 2084 Pac.
594 2021 635 2083 96
662 2024 868 2099 prospectum
890 2039 1008 2097 arrrrrpo
1036 2048 1066 2071 =
1095 2016 1174 2082 Acc.
1204 2018 1276 2083 407.
1299 2054 1340 2062 -

179 2120 259 2184 Acc.
291 2122 350 2184 165
378 2126 410 2183 id
431 2160 473 2167 —
497 2126 665 2200 crccupcnl.
712 2118 808 2183 Titia.
839 2120 898 2183 151
927 2124 959 2181 id
981 2143 1035 2198 ego
1058 2119 1220 2199 aucupavi.
1263 2116 1340 2181 Pac.

181 2224 222 2286 98
245 2222 433 2285 calciamiri
455 2232 484 2284 51
507 2226 663 2285 defendite.
709 2219 805 2304 (Non.
830 2222 879 2301 74,
905 2222 920 2282 1
946 2225 1102 2284 5151555151
1123 2240 1182 2302 pro
1206 2223 1340 2297 aiutate).

180 2324 258 2389 Pac.
284 2326 343 2388 157
371 2328 460 2386 Illum
488 2349 608 2404 quaero,
641 2327 692 2406 qui
715 2323 877 2386 adiciatur·
906 2321 1001 2406 (Non.
1025 2325 1102 2403 477,
1125 2324 1167 2387 26
1189 2327 1342 2385 adiutatur

180 2448 239 2509 pro
264 2427 406 2509 adiutat).
442 2426 522 2490 Aac.
548 2428 608 2491 103
630 2437 661 2488 15
683 2425 826 2489 adiutem.
857 2424 970 2491 Afran.
992 2427 1053 2490 207
1077 2451 1123 2488 55
1145 2424 1341 2488 adiabenici.
1459 2455 1463 2462 ·

180 2527 257 2594 Pac.
284 2530 343 2592 101
368 2535 464 2610 opino.
508 2528 621 2595 Afran.
645 2530 708 2592 418
736 2532 848 2609 opinor.
892 2527 969 2594 Pac.
997 2531 1057 2592 166
1080 2533 1153 2591 Cum
1180 2550 1274 2606 neque
1295 2549 1341 2587 me

182 2614 311 2714 aspicere
338 2637 474 2712 aequales
497 2632 659 2713 diqncrenl
681 2654 762 2693 meae
785 2629 881 2712 (Non.
905 2632 982 2711 470,
1008 2633 1046 2694 19
1070 2633 1192 2709 dignari
1213 2647 1271 2709 pro
1295 2626 1341 2691 di-

182 2740 298 2816 gnatus
320 2755 390 2799 sum
411 2733 462 2799 vel
485 2733 613 2816 dignum
636 2731 732 2816 duxi).
764 2730 841 2796 Pac.
866 2733 927 2795 212
951 2732 1056 2814 diffluet
1079 2736 1224 2794 decorare.
1260 2728 1341 2793 Aoo.

183 2840 243 2902 447
273 2838 398 2916 {liquari
426 2874 467 2883 -
495 2841 572 2899 dare.
605 2874 647 2883 -—
677 2835 758 2898 Ace.
787 2836 847 2898 231
881 2840 983 2915 Egone
1009 2838 1154 2914 Argivum
1185 2836 1342 2914 imperium

183 2945 328 3018 attingam
351 2949 403 3001 aut
424 2943 548 3020 Pelopia
570 2939 675 3019 5119555
700 2941 807 3000 domo?
830 2937 924 3017 (Non.
948 2939 1020 3017 281,
1043 2941 1063 3000 4
1086 2940 1224 3015 dignatus
1247 2934 1341 3015 signi·

182 3040 259 3105 ficat
291 3039 404 3121 dignus
433 3039 582 3122 habitus).
614 3077 655 3085 -
686 3038 806 3102 Activa
836 3038 1065 3119 significatione
1095 3035 1344 3119 intellegendum

182 3142 262 3206 Aac.
287 3142 350 3204 474
377 3147 436 3219 cui,
468 3166 543 3222 quae
569 3166 633 3203 cum
661 3125 714 3201 illo
737 3144 857 3216 fuerim,
890 3140 1037 3221 diqucbor
1060 3144 1144 3202 dari?
1180 3138 1255 3203 Pac.
1281 3140 1340 3202 181

181 3254 315 3307 moraret.
359 3243 535 3326 Deponens
556 3242 636 3306 Ace.
663 3242 723 3304 173
752 3245 910 3302 exercitum
934 3241 1056 3304 morari.
1100 3241 1179 3305 Acc.
1202 3242 1221 3304 9
1249 3245 1341 3322 perti·

181 3372 281 3409 55555
312 3351 355 3409 nil
384 3368 490 3410 moror.
533 3346 607 3410 Pac.
636 3345 699 3408 210
731 3349 863 3406 alternas.
908 3344 971 3407 225
999 3347 1076 3405 Exul
1103 3348 1213 3406 incerte
1240 3348 1341 3422 caput.

183 3451 244 3513 302
267 3474 367 3513 errans
389 3455 491 3530 55551.
522 3452 601 3513 Α55.
618 3449 681 3514 236
696 3456 807 3526 vagant
828 3477 858 3500 =
880 3448 951 3510 409.
985 3447 1045 3509 441
1063 3451 1188 3526 Vagent.
1220 3443 1341 3526 Turpil.

186 3553 245 3614 122
281 3551 379 3632 Vapca
405 3555 529 3614 insania.
573 3549 653 3614 Aoo.
683 3552 745 3614 643
773 3559 886 3632 evagat.
930 3547 1007 3613 Pac.
1037 3551 1098 3613 306
1126 3560 1210 3613 tuum
1239 3560 1270 3612 15
1296 3553 1341 3609 in·

182 3659 300 3734 genium
327 3655 471 3716 moderat.
514 3652 594 3716 Aeo.
623 3654 685 3716 308
713 3652 848 3714 moderat
875 3659 977 3714 metus.
1020 3651 1101 3716 Aac.
1126 3653 1165 3715 72
1196 3660 1341 3713 annotant.

185 3759 246 3820 164
277 3760 375 3836 patria
404 3755 567 3834 populavit
594 3760 679 3818 bona.
728 3751 805 3817 Alia
836 3750 1065 3833 significatione
1095 3752 1173 3816 Pac.
1202 3753 1241 3816 79
1269 3755 1342 3813 mihi

183 3862 312 3940 patriam
328 3857 492 3938 populavit
514 3881 607 3919 meam
631 3859 677 3939 (=
698 3853 808 3937 populi
823 3874 965 3919 amorem
988 3853 1158 3920 conciliare
1180 3873 1241 3918 sec.
1258 3852 1341 3919 Non.

184 3963 234 4040 39,
258 3962 319 4040 31).
364 3958 444 4022 Α55.
470 3960 530 4022 195
552 3959 732 4021 5555555551
753 3962 839 4020 mala.
883 3958 946 4023 353
970 3961 1047 4031 Quid
1068 3967 1098 4019 15
1119 3961 1268 4020 miseraris
1292 3958 1343 4040 (ex

184 4063 283 4145 5551).
323 4063 384 4126 355
407 4066 450 4124 Τ5
472 4061 713 4124 commiserabam
735 4065 827 4139 magis
855 4084 943 4140 quam
969 4064 1130 4122 miserebar
1156 4065 1222 4122 mei.
1259 4056 1343 4141 (libri

183 4170 365 4245 miserabar).
397 4163 476 4228 Acc.
493 4164 556 4227 265
571 4168 739 4244 partisaent.
771 4161 883 4228 Afran.
900 4164 941 4225 50
957 4171 1133 4226 testamento
1149 4199 1189 4208 -
1204 4165 1345 4242 partisset

182 4272 267 4330 bona.
310 4266 379 4334 Inc.
400 4266 461 4330 inc.
484 4271 565 4347 trag.
593 4266 653 4328 136
677 4265 787 4346 largiri
810 4270 916 4344 fruges.
956 4265 1037 4329 Aoo.
1062 4264 1124 4327 282
1148 4267 1224 4342 largi
1246 4261 1343 4345 (Non.
