3038 4950
689 337 903 400 -36-

219 547 261 554 -
289 533 400 570 mecum
432 513 514 586 agito
537 546 579 553 —
608 511 670 581 Quo
697 516 783 588 pacto
807 545 848 554 -
875 512 981 570 molem
1007 512 1145 570 minuam.
1193 499 1378 571 Pronomen

218 609 402 675 reflexivum
424 607 575 691 singulari
596 608 692 674 modo
714 613 903 691 usurpatum
930 614 979 674 est
1004 609 1038 673 in
1059 609 1108 674 his
1129 608 1222 674 locis:
1254 609 1377 692 Turpil.

219 715 260 777 36
283 718 324 776 mi
347 722 391 776 est
413 717 506 775 iratus
528 719 621 792 pater,
644 715 720 785 Quia
741 733 773 772 ce
794 718 907 775 talento
929 716 1046 792 argenti
1067 717 1164 792 tetigi,
1205 708 1274 795 Syr.
1297 719 1376 777 seut.

220 818 281 880 685
308 820 407 897 patria
433 836 489 877 110
516 823 572 891 est,
602 818 655 875 ubi
682 838 804 894 cumque
829 820 939 878 vixeris
965 819 1046 877 bene.
1093 816 1152 878 751
1183 820 1306 879 stultum
1333 825 1397 878 est·

218 923 309 981 alium
322 923 398 982 velle
417 921 521 979 ulcisci
538 941 633 998 poena
653 941 713 979 sua.
744 915 933 1000 (Menander
953 917 1094 982 1111011011.
1118 919 1187 980 152.
1225 915 1378 1002 ἐχθροὺς

219 1017 482 1104 010111100μὴ’111
504 1021 545 1106 τῇ
569 1025 699 1084 σαυτοῦ
721 1018 852 1107 βλάβῃ).
884 1018 961 1083 Pac.
978 1021 1040 1084 324
1055 1025 1131 1083 Nam
1145 1025 1291 1082 Teucrum
1312 1025 1377 1100 regi

218 1145 308 1204 captu
329 1148 375 1186 res
397 1126 564 1185 restabiliet
590 1153 621 1176 =
648 1121 720 1204 ipsa
740 1142 800 1185 uec
822 1122 893 1186 alia.

303 1223 507 1289 Pronomiuis
529 1223 770 1289 demonstrativi
791 1223 895 1288 forma
916 1226 982 1287 lice
1004 1225 1163 1306 reperitur
1177 1224 1263 1306 apud
1278 1224 1375 1289 Titiu.

219 1329 260 1390 50
282 1352 388 1408 pucras
409 1329 499 1390 hasce
521 1331 554 1391 et
576 1326 791 1408 compluribus
812 1327 892 1392 locis
915 1347 954 1390 ex
977 1327 1168 1408 coniectura,
1191 1327 1279 1391 velut
1295 1327 1376 1392 Ace.

220 1431 280 1493 122
302 1434 424 1492 11101-
439 1438 602 1492 11111111.-
624 1430 673 1492 iu
696 1435 728 1493 et
750 1430 806 1493 uu
826 1429 860 1493 in
880 1450 945 1494 una
967 1430 1184 1495 enuntiatione
1208 1430 1377 1495 coniuncta

218 1536 291 1598 sunt
316 1532 377 1596 inc.
404 1532 465 1596 inc.
487 1537 568 1614 trag.
591 1534 632 1596 93
659 1537 766 1595 Hicine
792 1537 845 1594 ille
872 1542 916 1595 est
943 1538 1071 1596 Telamo.
1118 1535 1177 1597 151
1201 1537 1243 1597 Ni
1268 1538 1376 1595 mirum

217 1635 266 1697 iic
292 1634 349 1698 iiie
375 1644 420 1698 est
446 1639 493 1698 vir
523 1639 593 1697 talis
619 1639 711 1697 tantis
739 1639 844 1716 opibus
874 1639 1068 1716 praepotens?
1112 1633 1229 1699 Laber.
1255 1636 1294 1698 13
1317 1641 1375 1697 Hic

217 1742 268 1799 ille
284 1747 328 1799 est
342 1742 461 1816 gurdus.
492 1735 590 1800 Prona
606 1737 674 1799 iilic
688 1735 787 1801 habes
802 1736 880 1802 Pac.
899 1739 960 1802 134
974 1741 1026 1799 ubi
1042 1742 1104 1800 illio
1120 1742 1185 1800 est?
1215 1736 1375 1818 Exempla

216 1859 305 1921 pron.
333 1838 403 1911 iate,
431 1838 502 1901 istic
529 1845 603 1902 suut
623 1837 699 1902 Pac.
723 1841 764 1903 58
792 1844 870 1914 Quid
896 1840 976 1903 istuc
1003 1843 1065 1903 est?
1108 1839 1188 1904 Acc.
1212 1841 1274 1903 299
1298 1844 1375 1914 Quid

216 1947 293 2004 istuc
314 1979 356 1988 -
379 1949 485 2003 est-
508 1944 523 2002 1
570 1939 647 2005 Pac.
677 1944 714 2006 61
745 1942 835 2004 isium
857 1980 899 1989 —
926 1947 1176 2021 geminitudinem.
1224 1944 1284 2006 153
1312 1947 1375 2005 Ista

217 2049 242 2106 11
271 2049 314 2106 110
342 2052 410 2105 sunt
437 2048 598 2124 promerita
623 2055 730 2107 vestra.
775 2045 837 2107 202
865 2049 940 2107 itera
962 2049 1031 2106 dum
1059 2050 1159 2108 eadem
1180 2049 1272 2107 istaec
1292 2049 1373 2107 mihi.

146 2148 149 2155 ’
217 2147 279 2209 228
302 2150 406 2209 istunc.
437 2144 517 2208 Acc.
541 2146 603 2209 329
627 2150 705 2208 idem
728 2151 816 2208 istud.
848 2145 969 2229 Turpil.
989 2148 1050 2211 207
1073 2153 1188 2210 utinam
1209 2152 1286 2210 istuc
1307 2171 1373 2228 per-

216 2258 338 2331 petuum
364 2253 454 2311 itiner
475 2253 515 2311 sit
540 2253 610 2310 tibi!
654 2247 768 2312 Afran.
792 2249 854 2311 287
878 2255 907 2312 ie
929 2249 1009 2311 ictuc
1031 2255 1127 2312 facere
1150 2254 1278 2313 officiose
1305 2254 1373 2312 scio.

218 2350 330 2434 (Plura
349 2349 420 2414 vide
442 2370 492 2431 ap.
515 2349 610 2414 Ribb.
632 2349 665 2413 in
685 2349 861 2432 indicibus).
904 2349 1015 2415 Facile
1038 2372 1211 2434 cognosces
1232 2351 1266 2415 in
1288 2371 1372 2415 com-

214 2452 358 2535 pluribus
380 2451 494 2518 horum
516 2452 660 2516 locorum
680 2473 857 2534 pronomen
878 2452 919 2518 ad
941 2453 1111 2518 secundam
1132 2474 1302 2536 personam
1323 2474 1373 2517 re-

215 2555 316 2619 latum
344 2575 422 2619 esse.
465 2555 631 2620 Attraotio
667 2555 862 2636 pronominis
889 2557 947 2619 iate
972 2556 1132 2620 invenitur
1158 2577 1208 2639 ap.
1230 2556 1307 2621 Pac.
1331 2558 1372 2620 83

214 2659 270 2721 isti
301 2664 352 2739 qui
381 2663 514 2738 linguam
546 2663 643 2721 avium
674 2663 853 2738 intellegunt
878 2697 920 2705 —
951 2664 1046 2738 Magis
1078 2664 1255 2722 audiendum
1286 2684 1373 2740 quam

215 2765 437 2823 ausurltandum
459 2784 568 2837 censeo,
590 2759 786 2842 pronominis
808 2760 941 2824 relativi.
982 2762 1061 2824 Ace.
1085 2763 1125 2825 58
1148 2786 1221 2842 quos
1243 2767 1373 2824 deseruit

213 2867 331 2940 liberos,
341 2865 519 2943 superstites
535 2872 609 2923 sunt.
640 2859 801 2925 Neutrum
815 2863 1011 2944 pronominis
1025 2863 1081 2927 rel.
1098 2863 1371 2928 coniunctionibus

213 2963 377 3045 praemitti
398 2962 438 3027 ad
459 2961 652 3045 copulandas
673 2962 752 3028 duas
771 2964 1003 3030 enuntiationes
1026 2973 1160 3046 constat,
1183 2966 1228 3030 sic
1250 2965 1371 3030 factum

215 3071 263 3131 est
288 3065 374 3148 apud
395 3065 534 3130 Accium
556 3067 597 3129 22
624 3066 665 3129 in.
693 3071 777 3141 Quod
802 3073 924 3130 utinam.
951 3067 1094 3132 11101110.
1117 3075 1198 3152 trag.
1222 3071 1263 3133 28
1286 3073 1372 3144 Quod

212 3173 283 3247 nisi,
311 3168 352 3233 ib.
374 3191 402 3234 v.
419 3170 460 3232 58
483 3173 566 3243 Quod
586 3174 626 3232 ni.
657 3166 753 3236 Pron.
780 3169 836 3233 rel.
851 3170 999 3252 generale
1020 3170 1178 3235 invenitur
1192 3171 1278 3254 apud
1292 3170 1370 3235 Pac.

213 3274 254 3336 90
281 3272 439 3355 Quidquid
464 3280 510 3334 est
534 3276 596 3334 hoo.
632 3269 714 3335 Pali.
737 3271 797 3336 inc.
820 3272 880 3334 inc.
904 3274 944 3337 89
968 3276 1022 3336 Sat
1048 3279 1182 3337 celeriter
1202 3279 1249 3353 fit,
1281 3273 1370 3358 quid-

212 3375 288 3458 quid
308 3379 343 3437 fit
364 3379 436 3437 satis
457 3378 540 3436 bene.
570 3371 684 3454 Pomp.
706 3371 788 3436 Bon.
809 3376 869 3438 193
893 3375 1043 3459 quidquid
1064 3386 1109 3439 est
1130 3382 1162 3438 in
1183 3383 1255 3439 luce.
1286 3375 1370 3440 Nou.

213 3479 251 3540 31
277 3485 385 3538 comest
411 3476 568 3559 Quidquid
597 3479 701 3554 tetigit
726 3484 849 3539 tantum.
880 3474 974 3540 Publ.
998 3473 1067 3560 Syr.
1091 3480 1131 3541 22
1159 3483 1298 3542 Alienum
1326 3487 1371 3540 est

212 3604 303 3658 omne,
321 3578 468 3663 quicquid
482 3582 609 3661 optando
625 3582 730 3641 evenit.
761 3576 874 3643 Afran.
890 3581 932 3643 30
948 3579 1094 3664 quioquid
1114 3579 1254 3663 loquitur.
1285 3579 1369 3645 Nou.

213 3683 252 3745 62
275 3680 421 3767 quicquid
441 3684 579 3743 nanctu’s.

296 3782 481 3848 Pronomen
497 3781 767 3864 interrogativum.
794 3782 874 3846 Aoo.
890 3784 953 3845 554
971 3783 1047 3864 Quia
1061 3794 1095 3846 tu
1110 3809 1140 3847 es
1154 3790 1288 3849 mortalis
1302 3789 1370 3847 -2

210 3885 324 3968 Pomp.
351 3883 433 3949 Bon.
465 3887 524 3949 155
559 3885 634 3965 Quia
660 3889 709 3947 hio
735 3888 798 3948 est?
846 3883 967 3949 Forma
992 3886 1060 3969 quia
1087 3884 1126 3950 de
1153 3908 1268 3969 genere
1294 3887 1369 3952 iem.

210 3988 287 4053 Pac.
310 3989 372 4051 239
401 3988 476 4069 Quia
497 3998 532 4050 tu
554 4012 591 4066 es,
613 3993 719 4050 mulier
741 4026 783 4034 —
805 3985 821 4051 P
857 3985 898 4050 In
919 4008 1056 4051 numero
1072 3989 1190 4071 plurali
1211 3988 1288 4053 Pac.
1305 3990 1366 4053 221

211 4114 282 4176 quet
309 4101 377 4154 sunt
404 4094 449 4153 is?
480 4095 594 4171 Ignoti,
624 4095 721 4153 nescio
749 4111 821 4173 quus
847 4094 1000 4170 ignobiles.
1048 4091 1162 4156 Afran.
1188 4095 1246 4156 151
1281 4092 1371 4171 Quod

210 4199 290 4258 vitae
311 4197 440 4257 studium
463 4203 515 4256 aut
530 4194 609 4277 quod
622 4197 802 4274 praesidium
816 4231 858 4240 -
873 4197 947 4255 Mihi
969 4200 1152 4275 supponebas
1168 4199 1239 4257 —P
1260 4199 1370 4257 Forma

211 4297 263 4381 qui
284 4318 344 4380 pro
367 4294 521 4360 adiectivo
545 4299 593 4360 est
614 4293 727 4358 Airan.
747 4297 809 4358 419
824 4300 929 4359 Nescio
945 4301 996 4376 qui
1011 4302 1146 4375 -111111,
1169 4296 1284 4362 ceteris
1301 4317 1368 4362 om·
