3038 4950
653 287 847 349 —8-·

176 464 299 522 ahenum
315 461 461 538 —paula
476 460 609 519 confirtat
631 465 705 518 trua.
742 455 801 518 141
817 459 941 536 pedibus
956 491 998 501 -
1013 453 1235 534 grassari'144
1251 458 1342 516 fundi
1380 454 1384 461 ’

178 564 300 624 stabunt
317 562 457 623 sentibus.
479 557 593 622 Afran.
609 559 651 622 50
665 567 850 620 testamento.
878 558 919 620 54
934 561 1076 639 spurcitia
1090 560 1193 638 patris.
1222 557 1260 619 77
1277 581 1342 619 non

177 668 293 745 potitur
307 666 383 743 quie.
409 662 467 725 101
483 666 581 740 iurgio
596 671 682 723 et-
697 664 897 723 benivolentia
911 669 1031 723 terrent.
1057 660 1117 722 115
1133 664 1187 721 hoc
1202 663 1341 740 sepulcro

178 771 309 848 sepeliet.
328 766 387 828 117
403 789 462 826 uno
477 801 519 810 —
534 773 688 826 contentae
704 767 777 826 viro.
803 764 863 826 123
878 787 1005 844 supparo
1021 766 1047 825 si
1059 766 1163 824 induta
1178 786 1248 825 sum.
1274 762 1339 826 127

176 878 238 930 risu
253 871 434 930 clandestino
450 871 587 948 rumpier.
618 867 686 928 171.
702 867 766 929 264
781 870 813 927 di
827 875 857 928 te
871 870 1042 928 mactassint
1056 870 1142 928 malo.
1165 865 1228 928 266
1243 869 1340 928 labris

176 974 260 1033 Inter
277 994 307 1032 se
324 974 450 1033 velitari.
483 970 545 1032 268
569 972 695 1032 Silentio
718 992 790 1048 opus
813 979 864 1031 est.
896 969 960 1032 284
980 972 1085 1049 pingui
1102 976 1218 1048 pastum
1240 977 1339 1031 taxea.

177 1073 239 1136 307
251 1076 303 1135 icit
312 1076 424 1154 poculo.
448 1073 510 1135 322
525 1077 625 1134 lavere
632 1075 769 1133 lacrimis.
793 1071 857 1135 340
870 1074 968 1133 verbis
978 1075 1111 1152 pauculis
1120 1074 1284 1150 Respondit
1293 1106 1339 1116 —-

177 1197 248 1238 voce
264 1179 396 1237 deducta.
429 1175 489 1237 351
515 1178 577 1248 Quo
593 1197 669 1235 casu.
701 1174 763 1236 357
786 1184 838 1236 111
854 1210 895 1220 -
911 1178 1004 1254 culpa.
1036 1174 1096 1236 371
1113 1196 1177 1234 meo
1197 1177 1235 1235 sit
1248 1176 1339 1235 nixus

176 1281 300 1339 nomine.
329 1277 391 1360 375
414 1281 499 1339 laedo
515 1280 708 1338 contumeliis.
741 1277 802 1340 379
826 1280 1028 1338 delenimentis
1044 1280 1116 1356 capi.
1148 1276 1210 1338 416
1233 1278 1338 1338 linteo.

180 1376 336 1460 Pompon.
350 1376 432 1442 Bon.
450 1381 469 1442 6
491 1383 565 1441 Aleo
588 1377 619 1461 (i.
636 1398 661 1440 e.
677 1376 765 1462 allio)
787 1383 967 1441 1111111111.
1001 1380 1040 1441 18
1063 1401 1161 1440 amore
1183 1381 1338 1440 sauciavit.

179 1481 388 1544 5211111111
410 1519 450 1529 —
473 1485 712 1544 Β111111111111.
745 1482 785 1545 78
808 1486 919 1543 animos
941 1485 1040 1544 Venus
1061 1490 1149 1558 veget
1171 1481 1220 1562 (τ-
1243 1478 1339 1561 erigit

177 1580 262 1647 Non.
288 1584 358 1663 183,
384 1584 413 1664 1)
435 1588 646 1664 voluptatibus.
691 1585 732 1646 88
754 1588 792 1646 vi.
837 1585 878 1646 92
900 1608 965 1646 mea
987 1607 1083 1664 opera.
1122 1583 1182 1645 152
1206 1587 1274 1643 dum
1295 1586 1339 1644 sit

179 1709 282 1747 rumen
303 1685 356 1768 qui
378 1690 522 1766 impleam.
570 1686 630 1748 178
654 1689 752 1748 colafis
774 1690 1005 1748 conminuissem.
1045 1687 1105 1748 188
1127 1688 1229 1764 Neque
1249 1688 1338 1747 malis
1429 1684 1431 1691 ’

178 1791 270 1849 molui
291 1811 385 1867 neque
407 1791 516 1867 palatis
538 1791 645 1868 pinsui.
685 1785 768 1851 Nov.
792 1789 833 1851 23
860 1793 966 1850 ludunt
997 1825 1037 1833 -
1060 1792 1129 1868 pila.
1170 1788 1210 1850 39
1238 1791 1337 1849 Macto

178 1898 208 1950 te
222 1893 269 1951 bis
283 1893 426 1966 verbenis,
441 1900 586 1952 mactatu
601 1894 691 1952 illanc
706 1895 868 1953 infortunio
886 1892 1039 1974 (mactare
1053 1918 1085 1944 =
1099 1888 1183 1953 malo
1200 1886 1337 1952 adficere

179 1989 263 2055 Non.
287 1992 359 2071 342,
383 1993 424 2073 9).
469 1993 510 2054 42
544 1996 667 2071 Signare
694 2031 735 2040 -
763 1997 859 2055 calida
881 1998 999 2073 forcipe.
1044 1994 1083 2055 51
1108 1997 1207 2055 labeas
1228 1996 1337 2072 pugnis

180 2097 306 2157 caedere.
338 2095 378 2157 57
403 2099 479 2156 dono
494 2100 603 2157 donare
616 2098 747 2176 pulchro.
780 2096 820 2158 79
843 2106 873 2157 te
896 2100 1025 2157 occidam
1041 2101 1123 2158 clava
1145 2100 1265 2174 scirpea.
1293 2095 1336 2156 93

178 2201 382 2277 praelumbare
396 2201 531 2259 fustibus.
564 2197 603 2260 97
627 2202 691 2275 igni
706 2208 794 2278 atque
809 2223 885 2278 aqua
899 2236 941 2245 —
956 2202 1089 2278 accipier.
1124 2198 1184 2261 112
1207 2201 1337 2259 animum

177 2323 275 2361 amore
289 2304 412 2380 capitali
427 2304 634 2380 conpleverint.
665 2297 783 2365 Laber.
800 2301 820 2364 4
842 2325 957 2363 somnus
973 2337 1013 2348 -
1029 2298 1093 2374 Quo
1107 2304 1251 2380 premitur
1267 2303 1334 2377 glis.

182 2401 222 2464 10
242 2406 329 2463 homo
352 2405 484 2464 ebriacus
507 2426 607 2464 somno
630 2407 728 2465 sanari
750 2407 832 2466 solet.
878 2404 918 2466 26
941 2407 1052 2481 Figura
1073 2407 1200 2464 humana
1221 2405 1336 2463 inimici

179 2506 284 2567 ardore
306 2508 475 2582 ignescitur.
508 2506 546 2567 31
565 2524 610 2585 sq.
634 2508 730 2567 utitur
747 2509 868 2566 nefariis
882 2509 996 2567 Verbis.
1028 2506 1070 2567 44
1093 2528 1147 2585 ope
1161 2514 1269 2566 nostra.
1293 2504 1334 2567 65

179 2608 314 2686 Aequum
336 2610 465 2668 animum
486 2611 609 2686 indigna
631 2611 747 2687 iniquat
769 2612 953 2670 contumelia.
998 2608 1039 2670 74
1066 2612 1219 2688 splendore
1241 2629 1334 2669 aereo.

180 2709 221 2770 75
244 2713 337 2771 radiis
359 2714 437 2772 solis.
467 2706 585 2774 Laber.
601 2711 643 2773 90
666 2714 799 2771 dominus
814 2747 857 2756 -
872 2719 917 2772 est
930 2720 982 2772 tua
995 2713 1201 2771 luculentitate
1223 2718 1334 2789 captus.

179 2811 222 2873 94
243 2813 358 2872 Amore.
392 2812 453 2874 195
475 2822 572 2874 mente
587 2816 728 2874 clemente
743 2816 879 2874 edita-
895 2816 998 2875 oratio.
1032 2812 1093 2874 114
1115 2815 1250 2873 laudibus
1265 2815 1333 2872 Flo·

179 2935 253 2974 rens.
301 2913 360 2976 116
392 2918 527 2991 vigebam
552 2919 689 2976 membris
716 2918 991 2995 praeviridantibus.
1039 2915 1098 2978 123
1129 2917 1265 2994 amplexu
1291 2950 1334 2959 -

180 3024 289 3076 enecat.
337 3014 398 3078 142
429 3021 590 3079 consectari
611 3020 768 3097 lapidibus.
816 3018 876 3080 145
907 3021 1044 3079 caedetur
1064 3019 1172 3094 flagris.
1216 3012 1335 3077 Publil.

179 3110 250 3198 Syr.
273 3119 293 3179 3
315 3122 463 3180 Luxuriae
483 3123 569 3181 rictu.
607 3119 785 3182 5Plumato
807 3124 930 3182 amictus
957 3143 1044 3182 aureo
1065 3121 1254 3198 Babylonico.
1294 3117 1334 3182 12

181 3229 285 3282 ornata
306 3224 435 3300 phaleris
456 3225 589 3301 pelagiis.
621 3216 692 3303 Syr.
715 3225 793 3285 sent.
817 3223 856 3285 31
881 3226 977 3284 animo
999 3226 1096 3284 virum
1117 3224 1253 3300 pudicae,
1275 3243 1335 3281 non

182 3326 266 3384 oculo
284 3326 405 3401 eligunt.
437 3323 476 3385 37
500 3347 606 3386 avarus
627 3328 741 3385 animus
762 3328 845 3385 nullo
867 3328 993 3386 satiatur
1007 3327 1096 3383 lucro.
1128 3323 1166 3384 61
1192 3346 1248 3402 quo
1264 3326 1334 3383 dato

179 3447 252 3503 opus
275 3432 326 3485 est.
358 3425 399 3486 62
421 3428 482 3487 suis
504 3429 592 3487 armis
610 3430 696 3506 perit.
728 3427 768 3489 65
790 3429 944 3501 blanditia,
966 3447 1025 3486 non
1039 3428 1162 3505 imperio
1185 3428 1220 3485 fit
1239 3427 1334 3486 dulcis

179 3528 286 3587 Venus.
324 3526 365 3589 80
387 3530 481 3589 malis.
515 3528 576 3590 100
599 3532 725 3590 crudelis
747 3532 877 3590 lacrimis
898 3531 1036 3608 pascitur.
1073 3527 1131 3589 111
1157 3529 1267 3588 auxilio
1290 3534 1335 3587 est
1419 3605 1425 3616 ·

180 3650 260 3707 opus.
294 3628 354 3691 125
377 3632 524 3692 discordia
538 3633 573 3691 fit
588 3634 684 3692 carior
698 3634 861 3692 concordia.
895 3629 953 3692 127
978 3653 1035 3709 quo
1051 3638 1168 3692 crescat.
1201 3628 1261 3691 148
1285 3650 1333 3688 ex·

179 3733 272 3791 eritur
294 3753 381 3811 opere
403 3736 543 3812 nequitia.
575 3732 754 3796 33311111.
786 3732 848 3794 372
870 3736 967 3794 utitur
988 3735 1149 3793 clementia.
1180 3731 1243 3793 404
1266 3753 1335 3790 casu

177 3834 313 3895 vincitur.
350 3833 413 3896 445
441 3838 564 3911 ratione,
586 3858 645 3896 non
665 3837 697 3896 vi
719 3838 862 3896 vincenda
888 3837 1086 3896 adulescentia
1107 3843 1158 3896 est.
1196 3833 1258 3895 478
1289 3835 1333 3892 in·

178 3937 288 3996 cendio.
332 3936 395 4000 488
417 3939 611 4015 neglegentia.
656 3935 719 3998 495
741 3939 852 3998 virtute
881 3939 959 4015 quod
988 3959 1046 3998 non
1074 3940 1180 4017 possis,
1212 3937 1336 3997 audacia

178 4040 299 4099 auferas.
330 4037 393 4100 558
416 4062 491 4101 casu.
523 4038 586 4101 572
609 4040 730 4099 consilio
745 4041 849 4100 melius
863 4041 963 4100 vincas
978 4061 1066 4118 quam
1080 4041 1239 4100 iracundia.
1271 4035 1334 4099 582

178 4141 289 4200 Eodem
311 4143 408 4203 animo
429 4143 601 4202 beneficium
623 4143 746 4201 debetur
768 4162 825 4219 quo
843 4143 938 4202 datur.
971 4140 1032 4203 649
1054 4147 1150 4201 mutat
1172 4162 1203 4200 se
1217 4142 1334 4200 bonitas

177 4244 295 4304 irritata
324 4245 441 4304 iniuria.
486 4241 548 4304 728
579 4264 637 4322 quo
663 4245 761 4304 animo
787 4245 886 4305 facias.
930 4242 990 4305 751
1019 4245 1122 4303 ulcisci
1150 4263 1245 4320 poena
1274 4263 1333 4303 sua.
