3038 4950
270 1783 359 1876 Obiit
379 1816 544 1892 Numburgi
567 1838 591 1874 a.
615 1818 642 1874 d.
664 1817 747 1875 VIII.
763 1817 829 1876 Kal.
852 1815 936 1876 Mart.
960 1819 1171 1876 Fridericus
1195 1821 1335 1878 Guilel-

184 1924 254 1961 mus
269 1905 404 1961 Holtze.
441 1903 526 1973 Quod
545 1903 596 1960 ubi
618 1903 726 1971 audivi,
747 1904 843 1961 nescio
859 1925 916 1980 quo
931 1906 1017 1962 modo
1033 1905 1227 1963 Horatianum
1248 1907 1335 1963 illud:

184 1990 301 2062 „Multis
329 1990 382 2046 ille
408 1991 495 2047 bonis
521 1988 629 2046 flebilis
656 1990 780 2047 occidit“
803 1990 834 2047 in
855 1996 980 2048 mentem
1003 1992 1090 2049 venit.
1135 1992 1195 2049 Nec
1217 1992 1335 2063 mirum;

182 2096 249 2132 nam
271 2076 438 2133 recordanti
459 2075 533 2132 mihi
556 2075 630 2133 illud
651 2080 777 2153 tempus,
801 2097 865 2133 cum
887 2083 955 2135 ante
977 2077 1029 2134 hos
1051 2078 1117 2154 plus
1139 2078 1336 2153 quadraginta

184 2181 275 2217 annos
297 2161 333 2218 ab
349 2180 383 2216 οο
397 2161 501 2236 primis
522 2161 663 2218 bonarum
685 2163 793 2220 artium
815 2163 964 2220 elementis
987 2163 1141 2220 institutus
1163 2183 1234 2235 sum,
1256 2165 1336 2220 ultro

185 2247 324 2319 omnium,
353 2246 404 2320 qui
433 2251 462 2303 et
484 2251 570 2303 antea
596 2253 625 2304 et
646 2254 747 2324 postea
770 2249 798 2305 in
823 2249 922 2305 eodem
945 2269 1002 2324 quo
1029 2249 1092 2325 ipse
1119 2249 1182 2305 loco
1210 2250 1335 2321 fuerimt,

182 2333 321 2389 memoria
347 2332 476 2389 excitata
502 2337 554 2390 est.
598 2326 667 2403 Qui‘
680 2336 705 2392 si
731 2355 790 2392 non
811 2335 907 2392 minus
934 2356 1021 2410 quam
1043 2354 1097 2408 ego
1124 2335 1150 2390 ei
1173 2333 1284 2408 gratias
1306 2340 1336 2391 et

181 2418 347 2476 habuerunt
368 2423 398 2475 et
420 2424 555 2493 egerunt,
582 2420 631 2496 qui
659 2421 789 2479 tandem!
799 2441 904 2496 magno
926 2442 991 2478 cum
1012 2421 1154 2478 bonorum
1176 2421 1257 2476 luctu
1278 2441 1336 2477 non

184 2504 310 2561 occidit?
352 2504 462 2562 Verum
484 2505 515 2562 in
543 2505 598 2562 hoc
619 2506 696 2583 ipso,
724 2528 788 2564 cum
810 2513 988 2585 reputarem,
1016 2525 1153 2579 magnum
1175 2506 1268 2562 inesse
1290 2526 1335 2562 οο-

182 2590 286 2646 latium
302 2590 373 2663 vidi,
396 2591 470 2648 nulli
490 2591 575 2663 enim,
597 2598 631 2649 ut
646 2593 747 2667 Cicero
767 2593 906 2651 Catonem
921 2594 1065 2650 dicentem
1087 2593 1171 2663 facit,
1193 2591 1336 2648 bonarum

182 2676 290 2732 artium
316 2676 451 2751 magistri
478 2698 536 2735 non
563 2679 644 2736 beati
671 2680 795 2756 putandi
822 2685 902 2752 sunt,
934 2699 1020 2755 quam
1048 2678 1139 2736 vitam
1166 2677 1283 2734 beatam
1310 2678 1334 2734 si

182 2762 316 2837 cuiquam
342 2763 389 2819 illi
416 2763 556 2839 obtigisse
583 2766 757 2822 censendum
780 2771 831 2822 est.
875 2766 992 2822 Etenim
1019 2785 1055 2821 ne
1081 2769 1225 2839 repetam,
1257 2763 1335 2838 quod

181 2848 267 2904 modo
289 2848 461 2923 significavi,
483 2855 625 2926 quantum
640 2852 801 2928 voluptatis
823 2852 934 2927 percipi
957 2855 1056 2928 posset
1078 2870 1113 2906 ex
1128 2849 1336 2906 consuetudine

181 2933 406 2992 adolescentium
431 2937 607 3012 optimarum
634 2942 742 2994 artium
769 2938 979 3010 studiosorum,
1010 2957 1132 3012 quorum
1160 2941 1190 2992 et
1216 2936 1336 3008 ingenia

180 3019 275 3077 literis
302 3022 459 3078 excolenda
488 3027 517 3078 et
544 3022 634 3078 animi
658 3022 695 3079 ad
724 3024 866 3098 optimum
893 3029 923 3079 et
944 3023 1173 3099 pulcherrimum
1201 3021 1335 3096 quodque

181 3104 354 3164 instituendi
377 3111 484 3178 essent,
507 3140 549 3148 --
571 3107 602 3162 id
630 3108 706 3163 enim
729 3107 863 3164 omnibus
890 3109 1033 3165 bonarum
1055 3108 1163 3164 artium
1185 3107 1335 3181 magistris

181 3210 329 3249 commune
352 3197 396 3249 est
411 3226 452 3233 —
468 3192 518 3248 sed
540 3191 586 3248 illi
609 3198 727 3267 praeter
749 3193 974 3250 innumerabiles
990 3194 1123 3266 contigit,
1146 3193 1197 3250 vix
1218 3198 1252 3249 ut
1273 3194 1335 3249 ulla

180 3277 331 3336 literarum
346 3299 415 3355 pars
430 3283 513 3352 esset,
536 3297 572 3334 ex
587 3299 644 3353 qua
658 3299 717 3335 non
738 3279 893 3356 privatam,
915 3284 949 3336 ut
971 3279 1014 3336 ita
1028 3279 1131 3351 dicam,
1153 3280 1334 3354 voluptatem

180 3369 297 3439 praeter
319 3365 467 3440 publicam
489 3365 578 3438 illam,
602 3386 675 3440 quae
691 3387 727 3423 ex
749 3366 814 3442 ipsa
836 3366 935 3423 schola
955 3364 1140 3436 redundaret,
1162 3366 1333 3441 perciperet.

178 3449 220 3507 Ut
241 3470 299 3507 non
322 3470 553 3524 commemorem,
585 3457 726 3526 quantum
752 3453 803 3508 ille
827 3472 931 3528 operae
958 3457 989 3509 et
1015 3451 1126 3508 laboris
1148 3451 1334 3507 collocaverit

179 3535 211 3591 in
232 3537 467 3612 pervestigandis
490 3537 682 3613 scriptoribus
705 3538 806 3595 latinis
829 3572 871 3579 —
892 3544 962 3595 nota
984 3543 1052 3594 sunt
1074 3557 1173 3613 opera,
1202 3556 1276 3612 quae
1299 3557 1334 3592 ex

179 3641 212 3678 eo
240 3623 338 3680 studio
365 3623 477 3699 publici
507 3623 581 3680 iuris
609 3623 691 3696 fecit,
723 3630 752 3680 et
780 3629 948 3681 enumerata
974 3623 1006 3680 in
1032 3623 1133 3680 libello
1160 3622 1334 3681 scholastico

179 3709 326 3782 gymnasii
340 3708 570 3784 Numburgensis
586 3730 610 3766 a.
635 3711 715 3767 1881
735 3744 775 3751 -
789 3711 861 3766 haec
882 3710 976 3784 igitur
992 3715 1026 3766 ut
1042 3709 1183 3780 omittam,
1205 3708 1334 3765 nondum

178 3793 210 3850 in
232 3795 326 3851 lucem
349 3795 429 3852 edita
443 3795 522 3853 domi
543 3795 620 3852 iacet
634 3795 766 3870 syntaxis
780 3796 914 3867 Liviana,
935 3795 1011 3852 liber
1026 3795 1097 3851 satis
1111 3813 1234 3868 magnae
1248 3794 1333 3851 00110

180 3884 210 3936 01
231 3880 360 3953 ingentis
388 3881 583 3954 assiduitatis,
614 3881 646 3937 in
668 3902 725 3957 quo
748 3883 854 3939 multos
877 3901 967 3938 annos
990 3880 1156 3954 desudavit,
1188 3900 1264 3937 nunc
1285 3880 1333 3936 hic

178 3965 296 4023 libellus
312 3966 380 4039 exit,
403 3968 515 4043 pariter
530 3988 563 4025 ac
578 3967 735 4024 Liuianum
749 3967 825 4024 illud
839 3988 911 4043 opus
927 3966 964 4024 ab
979 3971 1096 4024 auctore
1111 3966 1150 4024 ad
1163 3965 1332 4023 umbilicum

178 4052 329 4110 adductus.
373 4053 436 4110 Iam
463 4053 489 4110 si
511 4053 582 4110 haec
610 4058 639 4109 et
665 4054 740 4110 talia
762 4054 903 4129 perficere
925 4073 984 4110 non
1011 4053 1138 4111 cuiusvis
1161 4057 1218 4124 est,
1241 4050 1333 4126 quid?

177 4158 273 4195 nonne
295 4139 469 4196 admirabile
496 4159 529 4196 ac
551 4159 643 4215 paene
666 4139 799 4197 divinum
820 4140 950 4212 videtur,
974 4139 1051 4215 quod
1073 4159 1110 4196 ne
1132 4159 1150 4195 a
1171 4134 1332 4195 levioribus

178 4224 296 4298 quidem
326 4225 433 4282 studiis
459 4224 573 4282 animus
605 4225 666 4282 eius
697 4225 892 4283 abhorrebat?
935 4226 1008 4282 Erat
1037 4225 1115 4282 haud
1145 4222 1333 4279 mediocriter

177 4309 290 4387 peritus
312 4311 356 4368 rei
370 4311 497 4368 musicae
520 4311 552 4368 et
566 4311 763 4369 clarichordio
777 4312 906 4369 cauendo
929 4312 1043 4383 artifex,
1066 4311 1144 4367 idem
1165 4309 1197 4365 in
1219 4308 1331 4365 latrun-
