3038 4950
656 328 870 390 „41-

180 501 271 579 loqui.
302 499 343 561 59
365 502 488 560 Prorsus
510 522 634 577 aequum
655 507 700 560 θεῖ
721 509 829 578 petere.
862 500 902 562 62
917 503 1119 580 Numquamne
1141 504 1214 563 mihi
1236 505 1339 563 licebit

181 638 223 646 —
245 603 361 662 dicere?
398 596 468 684 Syr.
492 604 570 664 sent.
594 600 653 663 551
683 605 808 662 amicum
834 605 950 664 laedere
972 626 1008 664 ne
1031 607 1095 665 ioco
1117 606 1233 683 quidem
1261 607 1339 665 licet.

181 700 294 766 Afran.
319 704 379 766 397
397 707 481 777 Quod
502 707 542 764 sit
563 726 711 764 necessum
734 707 816 766 scire.
855 699 925 788 Syr.
947 710 1026 768 sent
1043 705 1105 768 296
1127 709 1203 768 mori
1224 729 1340 767 necesse

182 814 234 866 θεῖ.
267 802 381 885 Pomp.
403 803 484 869 Bon.
507 806 548 868 46
570 829 630 866 non
651 808 769 867 vilicari
791 811 842 868 sed
864 811 1009 869 dominari
1032 817 1076 870 est
1098 832 1162 871 mea
1185 812 1339 871 sententia.

181 903 289 970 Labor
314 908 375 969 114
402 918 465 969 crat
490 911 610 970 libitum
632 943 674 953 -
696 911 840 987 frangere.
886 906 959 992 Syri
987 914 1066 972 sont.
1095 911 1136 973 49
1167 914 1339 973 beneficium

181 1013 312 1090 accipere
334 1013 502 1073 libertatem
529 1019 574 1071 est
595 1013 729 1072 vendere.
775 1011 815 1074 60
837 1015 883 1074 bis
906 1022 950 1074 θεῖ
971 1016 1047 1074 mori
1070 1015 1191 1074 alterius
1213 1017 1339 1074 arbitrio

181 1116 263 1174 mori.
317 1112 376 1174 142
404 1115 539 1175 oblivisci
566 1148 609 1157 —
636 1115 762 1192 expedit.
811 1114 874 1177 295
902 1119 1039 1177 miserum
1067 1125 1111 1177 θεῖ
1140 1124 1238 1177 tacere
1265 1119 1338 1193 cogi.

184 1214 246 1277 320
269 1218 312 1276 nil
334 1237 421 1292 agere
448 1237 562 1294 semper
588 1217 702 1276 infelici
729 1223 773 1277 θεῖ
796 1220 946 1296 optimum.
992 1217 1054 1280 332
1077 1240 1181 1279 nocere
1203 1240 1288 1297 posse
1310 1227 1340 1278 et

180 1321 259 1378 nolle
286 1321 350 1378 laus
379 1319 558 1396 amplissima
586 1324 638 1378 est.
688 1317 750 1379 356
779 1341 882 1397 parere
908 1318 985 1380 scire
1013 1343 1068 1399 par
1094 1323 1218 1399 imperio
1244 1323 1340 1397 gloria

182 1427 232 1480 θεῖ.
279 1424 341 1481 360
363 1441 521 1499 paucorum
544 1427 588 1480 est
611 1423 783 1497 intellegere
805 1423 974 1498 quid‘celet
995 1424 1073 1482 deus.
1112 1421 1174 1483 369
1197 1425 1339 1500 pereundi

181 1524 256 1583 scire
277 1529 391 1601 tempus
414 1524 530 1582 assidue
552 1529 597 1582 est
618 1525 701 1583 mori.
732 1522 795 1584 370
817 1526 972 1601 perfugere
995 1525 1033 1584 ad
1055 1526 1223 1584 inferiorem
1241 1547 1272 1585 se
1294 1527 1339 1604 ip-

181 1647 244 1683 sum
275 1631 320 1684 est
350 1626 475 1685 tradere.
521 1623 584 1686 378
612 1627 728 1702 potenti
754 1627 843 1685 irasci
870 1627 928 1685 sibi
956 1628 1097 1705 periclum
1125 1633 1169 1687 θεῖ
1191 1649 1339 1705 quaerere.

182 1726 244 1788 380
266 1734 333 1806 post
354 1729 456 1788 fecisse
471 1734 516 1788 θεῖ
537 1729 647 1788 fallere.
681 1727 743 1789 386
764 1748 923 1806 properare
945 1730 977 1788 in
999 1730 1156 1789 iudicando
1172 1736 1217 1789 eat
1231 1731 1340 1789 crimen

181 1851 327 1907 quaerere.
360 1828 419 1890 401
445 1852 531 1908 quam
552 1832 689 1891 miserum
711 1837 755 1890 est
778 1828 844 1907 cogi
866 1833 1039 1910 opprimere.
1071 1830 1133 1893 435
1155 1835 1280 1892 stultum
1295 1840 1340 1892 θεῖ

179 1935 306 2010 parcere.
344 1930 406 2003 475
430 1935 560 1993 stultitia
582 1940 627 1992 est
648 1935 794 1993 insectari.
826 1931 888 1994 477
912 1936 1036 1994 stultum
1058 1942 1102 1995 est
1124 1937 1208 2012 queri
1230 1936 1266 1994 de
1288 1936 1338 1994 ad-

179 2036 279 2095 versis.
311 2032 374 2094 478
397 2036 519 2094 εῖ111111111
534 2043 578 2096 θεῖ
592 2037 722 2096 vicinum
738 2038 814 2096 velle
835 2037 939 2096 ulcisci
961 2038 1105 2097 incendio.
1139 2035 1202 2097 480
1217 2039 1339 2097 suadere

178 2139 314 2215 primum,
337 2138 405 2196 dein
427 2139 574 2213 corrigere
596 2144 640 2197 est
660 2139 805 2199 benevoli.
850 2136 912 2198 505
935 2139 1065 2197 Difficile
1087 2145 1131 2197 θεῖ
1152 2140 1250 2198 dolori
1271 2160 1338 2199 con·

178 2240 279 2298 venire
301 2260 366 2298 cum
388 2241 541 2316 sapientia.
587 2237 648 2299 509
671 2241 809 2300 Feminae
831 2246 967 2299 naturam
993 2261 1095 2316 regere
1118 2242 1272 2320 desperare
1295 2247 1339 2301 θεῖ

179 2343 279 2401 otium
326 2339 385 2401 521
411 2342 530 2400 irritare
558 2348 601 2400 est
629 2344 827 2402 calamitatem
850 2338 914 2423 (inf.
938 2337 1135 2423 praedicati).
1181 2340 1338 2403 552111111-

180 2465 245 2503 cum
275 2445 398 2521 perdere
428 2449 472 2504 θεῖ
509 2445 680 2504 damnorum
715 2446 881 2504 maximum.
935 2443 998 2505 574
1035 2447 1181 2506 contemni
1218 2448 1337 2522 gravius

179 2547 306 2624 sapienti
333 2550 378 2605 θεῖ
405 2568 492 2624 quam
518 2548 639 2625 percuti.
689 2545 752 2608 598
780 2548 946 2607 Gloriosum
973 2555 1018 2607 θεῖ
1045 2551 1120 2608 iram
1146 2549 1234 2607 amici
1266 2551 1338 2608 ami·

179 2651 280 2708 citiam
307 2649 384 2708 dare.
431 2648 491 2710 607
515 2651 666 2725 ignoscere
687 2651 838 2710 hominum
866 2655 918 2709 est.
964 2649 1023 2710 611
1048 2651 1157 2709 infirmi
1179 2651 1271 2709 animi
1293 2656 1338 2710 θεῖ

179 2772 238 2809 non
259 2773 344 2830 posse
366 2752 488 2812 divitias
509 2754 582 2830 pati.
616 2750 677 2813 692
692 2755 759 2832 plus
774 2759 819 2813 θεῖ
841 2774 928 2830 quam
942 2774 1037 2832 poena
1059 2753 1185 2813 iniuriae
1208 2773 1336 2812 succum·

178 2854 254 2913 bere.
300 2852 359 2914 701
383 2855 537 2931 pulchrum
559 2861 604 2914 est
630 2862 779 2934 praestare
802 2862 918 2930 cuncta,
945 2857 989 2915 nil
1012 2857 1136 2931 exigere.
1182 2853 1243 2916 712
1267 2856 1338 2933 quid

179 2958 422 3015 estbeueficium
450 2958 541 3016 dare?
571 2958 683 3017 imitari
711 2959 803 3017 deum.
855 2956 917 3019 726
945 2959 1024 3035 quod
1050 2960 1145 3018 facere
1172 2965 1258 3037 tmpe
1286 2965 1337 3018 est.

181 3056 241 3118 727
265 3059 344 3134 quod
357 3059 477 3131 nescias,
501 3060 639 3117 damnare
654 3080 766 3118 summa
781 3065 825 3118 θεῖ
846 3061 1005 3132 temeritas.
1038 3058 1099 3120 738
1122 3063 1338 3120 sanctissimum

180 3167 225 3220 θεῖ
245 3161 412 3219 meminisse
434 3161 482 3219 cui
503 3166 533 3218 ῖθ
556 3161 670 3220 debeas,
715 3159 777 3221 745
805 3181 869 3220 sero
893 3166 937 3220 θεῖ
964 3163 995 3219 in
1022 3162 1162 3239 periculis
1185 3163 1338 3220 consilium

179 3283 326 3340 quaerere.
373 3261 434 3323 747
458 3263 607 3322 solacium·
624 3264 734 3339 grande
761 3268 805 3322 θεῖ
832 3282 896 3323 cum
917 3264 1053 3323 universo
1075 3283 1133 3322 uno
1155 3265 1230 3341 rapi.
1275 3261 1335 3323 751

180 3368 304 3425 stultum
326 3373 370 3425 est
392 3367 483 3425 alium
507 3367 582 3425 velle
604 3367 707 3426 ulcisci
728 3388 821 3444 poena
844 3387 904 3426 sua.
938 3363 999 3426 752
1022 3366 1145 3425 stultum
1160 3371 1204 3425 est
1225 3366 1338 3440 timere,

179 3468 258 3544 quod
279 3469 370 3528 vitari
392 3489 451 3528 non
472 3473 578 3546 potest.
625 3466 686 3529 753
714 3471 837 3528 stultum
864 3471 1008 3548 imperare
1030 3469 1160 3546 reliquis.
1208 3466 1267 3529 761
1291 3475 1337 3528 tu-

101 3570 102 3573 ’
179 3571 325 3629 tissimum
353 3576 397 3629 θεῖ
425 3571 530 3630 timere
558 3572 601 3629 nil
623 3577 741 3648 praeter
763 3572 856 3648 deum.
902 3571 962 3632 771
987 3573 1045 3633 viri
1066 3572 1138 3630 boni
1160 3576 1205 3630 est
1227 3572 1338 3631 nescire

179 3673 274 3730 facere
296 3673 443 3731 iniuriam.
489 3671 548 3733 781
574 3678 618 3732 θεῖ
639 3673 812 3732 beneficium
835 3695 868 3732 eo
892 3695 989 3734 carere
1012 3676 1090 3752 quod
1112 3675 1222 3733 invitus
1244 3675 1337 3751 possi-

179 3775 255 3832 deas.
301 3772 362 3834 783
386 3795 473 3851 quam
490 3776 628 3833 miserum
650 3781 695 3834 est
717 3773 831 3837 discere
853 3777 970 3836 servire.
1009 3774 1070 3836 798
1092 3776 1272 3855 principium
1295 3782 1338 3835 est

179 3876 344 3934 discordiae
366 3895 402 3933 ex
424 3878 569 3936 communi
590 3878 686 3936 facere
707 3879 866 3955 proprium.
911 3875 974 3938 804
1000 3899 1047 3937 1·θε
1071 3879 1182 3956 optima
1207 3883 1252 3937 θεῖ
1278 3898 1338 3938 non

179 3979 328 4055 extirpare
351 3979 520 4053 sceleratos,
548 3980 600 4038 sed
621 3981 737 4039 scelera.
782 3978 845 4041 805
868 3981 1026 4040 ridiculum
1048 3987 1092 4040 est
1114 3982 1183 4040 odio
1205 3983 1337 4040 nocentis

178 4081 300 4158 perdere
327 4082 531 4141 innocentiam.
576 4079 638 4142 815
667 4084 753 4160 culpa
781 4084 897 4159 effugiri
919 4084 999 4161 potis
1022 4090 1074 4142 θεῖ.
1119 4081 1181 4144 825
1205 4085 1338 4142 durumst

179 4203 293 4259 negare.
342 4181 404 4244 826
433 4185 487 4243 Εεῖ
509 4218 550 4228 ·-
579 4185 747 4261 ignorantia
773 4186 884 4244 nescire
912 4187 992 4263 quod
1017 4206 1123 4269 pecces.
1169 4182 1246 4260 830,
1274 4181 1336 4244 842
1430 4224 1432 4229 ·

178 4287 250 4345 satis
273 4293 317 4345 θεῖ
339 4307 477 4364 superare
499 4287 657 4361 inimicum,
679 4288 832 4346 nimiumst
854 4290 981 4361 perdere.
1014 4285 1085 4348 845.
1109 4284 1181 4347 846.
1426 4284 1429 4289 ⁴
